1716 3164
9 159 23 206 ὲ,

650 239 932 283 ...25-

6 340 100 396 {his
130 352 272 395 formis
303 354 363 394 m'l
394 354 433 395 et
463 355 566 394 nihil
599 353 655 396 uti
674 354 893 407 Catullum,
928 356 971 398 ut
998 365 1175 409 quaeque
1197 354 1324 397 metro
1346 352 1558 408 aptissima

6 415 110 480 {est‚
142 427 243 470 satis
273 429 477 471 testantur
507 428 551 470 hi
582 441 720 471 versus
752 443 785 472 6.
818 430 873 473 64
904 430 1005 484 (146
1037 432 1077 474 et
1111 429 1235 486 148):

4 504 10 510 ’
241 504 303 544 nil
332 504 521 546 metuunt
551 516 703 556 curare,
735 507 840 547 nihil
868 505 1104 560 promittere
1135 506 1306 559 parcunt
1334 528 1391 534 —

246 578 358 621 dicta
388 580 493 620 nihil
524 580 714 632 metuere,
746 582 851 623 nihil
879 581 1054 636 periuria
1085 582 1239 623 curant.

152 655 309 696 Nihil
362 654 556 697 terdecies
614 655 655 697 in
707 656 953 699 carminibus
1003 658 1143 711 poetae
1193 654 1320 698 nostri
1371 654 1558 709 legimus,

36 730 245 785 praeterea
274 729 417 782 28,12
448 731 489 773 et
520 731 587 783 61,
612 731 691 773 197
734 733 934 782 nihilo,
975 733 1056 773 nil
1087 731 1210 774 octies
1240 730 1400 784 praeter
1429 731 1560 779 nilo,

38 804 142 858 quod
173 803 240 855 97,
260 803 286 845 3
327 804 439 846 extat
479 805 519 847 et
559 805 730 848 fortasse
770 805 918 849 iterum
949 806 1086 848 eodem
1119 818 1235 848 versu
1266 803 1561 847 restituendum

38 879 100 921 est
142 878 211 935 (cf.
244 878 445 921 Schwabii
485 881 619 922 annot.
653 880 705 922 ad
734 880 774 922 11.
809 890 878 923 ν.).
938 880 997 923 At
1036 880 1212 923 multum
1252 879 1293 921 in
1324 879 1388 922 his
1420 891 1559 933 pecca-

40 954 186 996 verunt
216 952 387 1005 librarii,
421 954 490 1006 qui
520 954 602 996 fere
633 954 780 1009 ubique
810 957 914 997 nihil
949 969 1019 1010 pro
1050 957 1111 997 m‘l
1141 955 1389 1009 scripserunt
1462 954 1562 996 Plu·

39 1028 151 1071 ribus
183 1028 232 1071 de
262 1041 337 1070 usu
367 1030 474 1070 nihil
503 1028 695 1083 disyllabi
727 1031 768 1072 et
797 1032 856 1072 nil
886 1030 1154 1085 monosyllabi
1185 1029 1366 1084 exposuit
1396 1028 1562 1071 Lachm.

40 1103 93 1147 ad
107 1104 224 1146 Lucr.
250 1115 319 1158 pg.
338 1104 390 1147 27
411 1116 468 1157 sq.
499 1128 542 1133 *
569 1106 698 1156 Nihil,
732 1105 837 1158 quod
866 1107 959 1149 ante
982 1105 1133 1148 Catulli
1164 1105 1340 1147 aetatem
1370 1103 1565 1158 producta

38 1178 278 1233 posteriore,
311 1179 352 1221 et
387 1180 538 1230 nihilo,
581 1179 685 1232 quod
726 1180 921 1233 producta
951 1179 1085 1222 media
1116 1179 1336 1230 dicebatur,
1369 1191 1392 1220 a
1422 1179 1563 1233 poetae

39 1253 167 1297 nostri
213 1253 306 1295 inde
350 1254 531 1308 tempore
583 1254 778 1297 breviatis
831 1255 914 1297 illis
969 1257 1221 1309 ponebantur
1267 1253 1436 1309 syllabis
1493 1253 1561 1310 (cf.

41 1328 274 1374 Corssenius
307 1328 440 1371 Ueber
470 1328 654 1383 Ausspr.,
686 1330 781 1372 Voc.
801 1343 826 1371 u
858 1331 947 1374 Bet.
981 1330 1051 1372 der
1081 1330 1152 1372 lat.
1185 1329 1273 1383 Spr.
1306 1329 1327 1370 Ι
1356 1340 1423 1382 pg.
1448 1328 1562 1382 366),

41 1403 154 1446 cuius
186 1403 313 1458 ipsius
344 1404 486 1457 poetae
517 1404 594 1446 duo
625 1404 724 1446 haec
755 1406 849 1446 sunt
866 1404 1048 1458 exempla
1078 1404 1219 1455 28,12
1250 1404 1291 1445 et
1321 1402 1504 1453 61,197.

158 1478 324 1529 Restat,
363 1479 408 1520 ut
450 1478 647 1521 disseram
688 1479 735 1520 de
773 1481 837 1519 mi
877 1491 948 1532 pro
990 1491 1034 1521 eo
1071 1478 1175 1531 quod
1216 1478 1278 1520 est
1317 1478 1418 1518 mihi
1459 1475 1566 1519 dicto

45 1552 117 1609 (cf.
149 1552 271 1595 Neuii
302 1565 363 1607 gr.
396 1554 440 1595 L.
474 1553 516 1595 II
546 1566 612 1607 pg.
650 1554 728 1596 127
773 1555 813 1596 et
848 1552 960 1608 128).
1024 1553 1078 1595 Et
1117 1553 1194 1595 hac
1233 1552 1275 1594 in
1315 1565 1358 1594 16
1398 1551 1567 1594 metrica

43 1627 148 1670 ratio
192 1628 415 1682 plurimum
462 1629 592 1680 valet,
639 1628 756 1670 libris
801 1641 880 1671 non
924 1641 1073 1682 magna
1120 1626 1304 1670 habenda
1349 1627 1410 1669 est
1454 1626 1566 1668 fides.

45 1702 300 1756 Quamquam
330 1701 437 1744 enim
468 1702 671 1745 nonnullis
703 1702 802 1745 locis
832 1704 940 1746 recte
970 1702 1013 1744 iu
1042 1702 1159 1744 libris
1179 1701 1467 1756 scriptumest
1497 1703 1566 1753 mi,

44 1779 183 1822 tamen
220 1777 351 1820 multo
391 1777 550 1832 saepius
592 1778 747 1829 evenit,
794 1779 840 1820 ut
885 1780 984 1819 mihi
1027 1790 1098 1832 pro
1143 1779 1199 1818 mi
1243 1776 1420 1831 positum
1460 1775 1569 1819 sita

44 1853 247 1905 librariis;
289 1853 349 1896 ita
390 1853 515 1896 etiam
553 1867 788 1908 peccavere,
830 1854 876 1896 ut
906 1865 1191 1907 nonnunquam
1221 1852 1324 1894 illud
1354 1853 1430 1904 mi,
1461 1850 1568 1905 quod

46 1928 252 1971 descendit
291 1941 316 1971 a
355 1942 468 1981 meo,
521 1928 797 1971 distenderent
842 1928 916 1982 (sic
956 1928 1062 1982 apud
1103 1927 1188 1970 Cat.
1221 1926 1289 1978 55,
1307 1926 1392 1980 32).
1465 1927 1570 1968 Mihi

46 2003 202 2058 quoties
241 2003 348 2057 apud
388 2003 570 2045 nostrum
604 2004 712 2045 extet
742 2015 820 2045 non
851 2001 1100 2053 enumeravi,
1133 2004 1196 2044 mi
1226 2001 1569 2056 quinquiesdecies

25 2079 128 2132 ⁴fere
159 2078 266 2133 apud
297 2091 389 2120 eum
419 2078 594 2133 legimus
626 2077 690 2120 vel
731 2091 775 2119 ex
806 2078 904 2118 mihi
935 2077 1117 2119 codicum
1148 2076 1349 2131 corrigere
1379 2076 1570 2118 debemus

47 2153 124 2208 (ita
153 2152 279 2196 etiam
309 2154 378 2205 44,
396 2154 453 2196 20
484 2153 533 2195 ol.
565 2153 610 2195 L.
643 2152 841 2194 Muellero
878 2151 926 2193 de
956 2165 998 2193 re
1029 2153 1147 2194 metr.
1179 2165 1247 2206 pg.
1284 2153 1397 2204 156).
1457 2152 1570 2194 Non-

46 2227 170 2271 nullis
205 2227 304 2270 locis
345 2241 391 2269 ex
421 2227 604 2270 codicum
636 2226 835 2280 scriptura
865 2227 1002 2280 patere
1033 2225 1193 2268 videtur
1223 2228 1323 2268 mei
1354 2237 1440 2268 esse
1470 2224 1570 2268 scri-

31 2302 236 2354 ·bendum,
268 2301 374 2356 quod
390 2302 459 2353 77,
476 2302 502 2343 3
523 2301 565 2342 in
586 2301 702 2343 libris
724 2301 842 2353 inest,
874 2314 969 2344 nam
991 2315 1052 2342 me
1074 2301 1186 2342 codd.
1205 2301 1395 2343 exhibent
1416 2300 1570 2352 21,11;

50 2378 120 2433 37,
139 2378 191 2421 11
236 2376 325 2432 (ubi
366 2376 600 2419 Schwabius
632 2378 710 2418 mei
741 2376 951 2431 correxit),
995 2377 1060 2428 72,
1079 2377 1104 2418 6
1147 2377 1249 2430 (loco
1280 2377 1487 2430 corrupto,
1520 2375 1570 2417 cf.

49 2451 247 2495 Schwabii
277 2453 422 2495 annot:
455 2454 514 2493 ita
545 2465 606 2492 me
638 2465 712 2493 nec
742 2449 806 2500 V).
858 2453 915 2493 De
946 2464 1020 2493 usu
1051 2450 1246 2494 brevioris
1276 2450 1389 2492 illius
1419 2450 1572 2492 formae

49 2527 187 2581 utique
228 2526 460 2569 vetustioris
503 2527 703 2581 disyllaba
745 2526 851 2580 apud
892 2527 1030 2580 poetas
1070 2526 1112 2568 cf
1151 2526 1195 2567 L.
1228 2525 1402 2567 Mueller
1441 2525 1490 2567 de
1530 2537 1572 2566 re

50 2603 167 2645 metr.
200 2615 268 2657 pg.
302 2602 398 2645 254.

165 2677 222 2719 lis
262 2690 363 2731 quae
404 2676 566 2730 exposui
609 2675 762 2718 accedit
803 2675 904 2716 illud
946 2677 998 2716 ni
1040 2688 1109 2728 pro
1141 2676 1224 2716 nisi
1256 2675 1432 2727 dictum,
1465 2674 1573 2717 anti-

53 2738 190 2806 quiore
221 2751 346 2795 etiam
385 2753 565 2807 tempore
595 2752 682 2792 nei
713 2749 930 2805 scriptum,
963 2750 1076 2794 cuius
1107 2749 1282 2804 vestigia
1313 2749 1437 2792 etiam
1467 2749 1574 2804 apud
