1716 3164
674 224 951 267 -39-

161 340 353 393 pusillus·
374 338 436 381 bis
467 338 637 393 (Haupt.
670 339 780 391 om),

165 413 235 464 27,
254 414 276 456 1
307 414 487 463 vetulus-3

164 490 265 539 tum,
298 500 467 542 quorum
499 490 618 543 paulo
650 490 809 532 diversa
839 489 944 531 ratio
975 492 1048 539 est,

164 563 305 615 61,13
337 565 517 604 tinnulus
548 565 599 613 et,
633 564 737 617 quod
768 564 916 617 septies
948 564 1050 607 dixit
1080 567 1211 619 poeta.

165 640 373 680 tremulus.
590 692 595 698 ,

165 712 214 754 In
244 711 391 766 fragm.
423 713 468 763 4,
507 713 541 754 si
581 713 696 754 modo
734 713 1022 764 Catullianum,
1055 715 1153 756 haec
1189 714 1383 755 habemus
1415 714 1573 767 praeter

49 789 123 831 illa
153 787 426 830 deminutiva:

168 864 351 904 animula
382 862 511 905 subst.
544 865 584 905 ei:

166 939 386 979 miser-ulus
418 937 498 979 adi.
559 936 637 980 Sed
680 949 818 979 versus
849 936 994 980 Sereno
1037 938 1282 981 adscribitur
1313 951 1336 980 a
1366 938 1574 981 Diomede.

165 1013 256 1055 Non
287 1012 420 1054 minus
452 1025 573 1066 quam
604 1011 697 1054 illas
729 1012 807 1055 erit
828 1025 970 1067 operae
1000 1013 1175 1067 pretium
1206 1026 1440 1068 componere
1460 1025 1575 1056 voces

50 1089 165 1141 alias,
184 1101 283 1143 quas
304 1089 423 1143 poeta
438 1087 663 1141 usurpavst,
686 1100 799 1130 raras
819 1100 963 1142 easque
980 1089 1191 1141 obsoletas,
1214 1090 1307 1132 inde
1329 1101 1574 1140 enumerare,

52 1163 196 1220 quibus
237 1176 332 1205 usus
373 1163 428 1205 sit
445 1151 451 1155 ’
469 1163 674 1206 vocabulis
714 1162 878 1205 Graecis
920 1166 960 1206 et
1001 1177 1101 1218 quae
1141 1164 1227 1219 ipse
1259 1177 1361 1207 nova
1391 1164 1576 1206 videatur

50 1238 264 1289 invenisse,
297 1237 468 1292 denique
498 1238 629 1292 quoad
659 1238 701 1280 in
732 1238 1009 1281 construendis
1041 1238 1124 1280 illis
1155 1239 1207 1281 ab
1237 1251 1312 1281 usu
1344 1238 1576 1292 quotidiano

51 1313 224 1356 recedat.
285 1312 382 1355 Alia
424 1314 466 1355 et
509 1313 628 1367 plane
669 1313 828 1356 diversa
859 1313 1040 1367 quaestio
1071 1313 1150 1356 erit
1180 1313 1228 1356 de
1258 1326 1301 1356 re
1331 1313 1575 1368 prosodiaca‚

52 1389 165 1432 cuius
206 1401 327 1443 supra
369 1388 485 1443 quasi
525 1376 771 1443 praeteriens
802 1387 1006 1430 occasione
1037 1388 1175 1431 oblata
1205 1388 1450 1431 mentionem
1486 1388 1576 1440 feci,

52 1465 94 1507 et
123 1463 294 1507 metrica
324 1476 367 1506 re
398 1464 563 1507 Catulli.
611 1464 747 1517 Atque
778 1476 824 1505 ea
854 1463 896 1505 in
927 1475 970 1504 re
1001 1462 1133 1518 magis
1164 1462 1289 1506 etiam
1319 1462 1423 1505 illud
1453 1475 1578 1517 appa-

54 1539 172 1590 rebit,
204 1538 311 1593 quod
339 1538 425 1581 iam
455 1540 549 1581 ante
580 1538 849 1581 indicavimus
881 1539 921 1580 et
951 1538 1088 1592 aliqua
1118 1551 1164 1580 ex
1194 1539 1310 1592 parte
1325 1538 1579 1580 demonstra-

54 1614 209 1665 vimus,
250 1613 357 1656 inter
400 1613 551 1668 placita
594 1615 774 1656 veterum
818 1613 1067 1668 isragicorum
1097 1614 1138 1655 eb
1167 1613 1278 1668 leges
1310 1625 1446 1663 novas,
1477 1624 1576 1667 quas

53 1689 207 1733 Ennius
238 1689 392 1742 sanxit,
440 1689 646 1733 Catullum
688 1688 803 1743 quasi
832 1688 1011 1730 medium
1051 1700 1149 1730 esse.
1215 1687 1274 1730 At
1315 1687 1358 1729 id
1397 1687 1431 1729 si
1472 1699 1578 1729 nunc

55 1764 310 1820 susciperem,
342 1764 507 1808 modum
538 1764 632 1806 huic
662 1764 799 1806 libello
829 1763 1031 1806 tributum
1072 1775 1150 1804 non
1191 1774 1405 1804 servarem.
1467 1761 1576 1814 Qua-

53 1836 215 1898 propfier
245 1842 281 1885 si
310 1842 397 1894 illa,
430 1842 478 1884 de
495 1841 640 1896 quibus
672 1839 834 1883 uberius
866 1838 1021 1894 scripsi,
1055 1838 1154 1880 viris
1177 1837 1305 1880 doctis
1334 1836 1574 1891 placuerint,

55 1917 180 1959 etiam
210 1917 259 1959 de
288 1917 365 1968 his,
398 1930 499 1971 quae
528 1917 646 1959 modo
678 1915 771 1967 dixi,
804 1916 894 1970 post
925 1916 1110 1957 accurate
1141 1913 1348 1954 disseram.
