1716 3164
678 197 963 240 -37-

58 309 158 364 Veg.
199 310 321 352 veter.
357 311 394 360 1,
412 309 468 352 25
512 309 718 353 brachiola
764 310 952 354 videntur
998 325 1083 355 esse
1128 326 1250 355 venae
1297 314 1493 367 quaedam
1539 315 1579 356 in

58 385 229 439 utroque
257 383 384 427 latere
414 385 637 438 equorum),

174 459 243 510 68,
259 459 314 502 36
346 461 522 512 capsula
552 459 666 513 (Fab.
700 459 802 504 Pict.
837 473 900 515 ap.
934 460 1053 513 Gen„
1085 462 1205 512 Plin.‚
1238 464 1415 517 Seneca),

173 534 242 585 66,
262 534 315 576 16
346 535 568 575 lacrimula
599 533 697 588 (Cic.
729 535 883 587 Plano„
916 535 1005 578 Ter.
1040 536 1176 591 Eun),

172 607 316 659 25,10
346 609 592 650 latusculum
625 609 761 664 (Lucr.
793 608 950 664 semel),

169 684 360 736 puellula
389 684 532 737 quater
565 683 646 739 (bis
669 697 714 726 ex
742 685 908 737 puellae
938 684 1067 727 forma
1085 686 1263 728 codicum
1286 688 1579 744 corrigendum.

62 782 109 788 -
143 758 232 801 Ter.
265 757 445 809 Phorm,
478 758 672 814 Pompon.
704 758 812 813 apud
841 758 980 815 Nom),

173 834 242 885 56,
262 834 290 876 5
316 835 507 887 pupulus,
539 846 616 887 quo
646 835 765 888 poeta
786 833 992 888 significat
1008 848 1175 888 puerum
1198 837 1411 890 parvulum
1427 837 1580 891 (Senec.

66 934 111 938 —
143 909 295 952 Arnob.
331 908 379 951 de
410 908 672 963 imaguncula
702 907 837 964 dicit),

174 984 243 1035 23,
265 984 317 1026 19
347 985 530 1026 salillum
563 984 715 1039 (Plauh.
748 982 860 1026 Trin.
894 985 1050 1038 semel),

175 1059 320 1110 61,13
351 1060 501 1100 zonula
533 1057 687 1113 (Seren.
720 1070 781 1113 ap.
816 1058 934 1108 Nou,
967 1059 1172 1113 Lamprid.
1206 1060 1273 1102 Al.
1306 1059 1429 1113 Sem).

269 1134 308 1176 2.
340 1132 577 1176 Adiectiva:

174 1210 286 1261 29,8
329 1209 495 1251 albulus
538 1206 605 1262 (de
635 1219 739 1261 aqua
769 1206 916 1258 Maru,
959 1207 1065 1250 Plin.
1099 1208 1137 1250 h.
1171 1221 1230 1259 u,
1262 1207 1370 1250 Suet.
1404 1208 1508 1262 Aug.
1543 1210 1583 1251 et

58 1286 167 1336 Ner,
201 1283 329 1328 Orelli
357 1283 478 1325 inser.
511 1280 687 1337 qualer),

177 1359 243 1411 17,
263 1359 328 1402 13·
348 1358 524 1399 bimulus
557 1355 685 1412 (Suet.
719 1355 804 1399 Cal.
837 1357 875 1399 8.
916 1382 961 1386 —
996 1357 1149 1411 Haupt.
1181 1354 1295 1411 om),

174 1432 243 1485 64,
265 1431 343 1474 131
375 1431 606 1485 sriyidulus
639 1430 763 1487 (quod
778 1431 959 1485 Hauptio
989 1432 1151 1474 auctore
1173 1443 1198 1474 a
1219 1431 1379 1475 Catullo
1409 1431 1584 1486 sumpsit

55 1508 198 1552 simius
230 1506 316 1550 eius
346 1505 390 1549 in
420 1504 505 1550 ciri
534 1505 633 1549 250.
666 1505 785 1559 347),

174 1581 286 1634 15‚4
315 1582 539 1634 inlcycllus
571 1579 669 1637 (Cic.
703 1578 835 1635 fam),

170 1657 240 1708 55,
259 1656 311 1699 17
343 1656 544 1697 lacteolus
589 1655 813 1710 (Prudent.,
845 1654 1032 1710 Auson.),

169 1731 238 1783 64,
254 1731 337 1775 331
371 1731 637 1784 languidulus
667 1730 766 1785 (Cic.
800 1743 862 1786 ap.
894 1730 1055 1784 Quinct.
1089 1754 1138 1760 -
1173 1730 1379 1784 Hauptius
1409 1728 1523 1787 om.).

174 1806 239 1858 16,
257 1805 286 1847 4
316 1807 553 1848 molliculus
586 1805 740 1861 (Plaut.
774 1804 865 1848 Cas.
897 1828 949 1835 -—
982 1805 1056 1847 Est
1087 1803 1211 1847 etiam
1242 1816 1357 1859 cogn.
1390 1803 1505 1846 Rom.
1538 1805 1583 1847 ut

56 1880 117 1924 Ti.
150 1880 355 1924 Minucius
386 1880 620 1924 Molliculus
650 1881 736 1923 Liv.
770 1880 842 1922 XL
874 1879 958 1931 35),

170 1956 283 2008 65‚6
313 1956 547 2010 pallidulus
580 1955 727 2011 (Hadr.
760 1966 825 2009 ap.
857 1954 992 2009 Spart.
1024 1953 1153 1996 Hadr.
1186 1952 1275 2009 25),

171 2033 240 2084 99,
257 2032 284 2074 6
316 2032 504 2073 tantillus
521 2030 709 2085 (Plautus
726 2028 898 2084 saepiu3‚
916 2027 1072 2071 Celsius
1087 2027 1225 2070 semel.
1236 2028 1453 2084 -Haupt.
1471 2030 1579 2079 om).

174 2107 240 2159 17,
261 2107 313 2149 16
344 2107 565 2148 tenellulus
596 2105 735 2160 (Laev.
765 2117 829 2159 ap.
862 2101 1025 2158 Prisc.),

172 2181 211 2232 3,
232 2182 285 2224 18
317 2181 552 2234 turgidulus
585 2179 719 2233 (Paul.
752 2177 897 2232 Petam,

170 2258 238 2309 41,
257 2258 283 2300 3
314 2258 543 2310 tun-pionius
574 2255 719 2308 (Varro
749 2253 777 2295 1.
808 2253 867 2303 L„
901 2252 979 2295 Cio.
1014 2252 1062 2293 de
1093 2252 1183 2294 or).

266 2331 444 2375 Verbum
474 2329 771 2374 deminutivum
800 2329 862 2370 est

172 2408 240 2457 25,
262 2407 310 2449 11
343 2407 612 2448 conscribillo
645 2403 792 2460 (Varro
824 2416 888 2458 ap.
920 2402 1008 2444 Non
1028 2402 1066 2448 l:

264 2481 561 2524 deminutivum
592 2479 791 2522 Graecum
821 2477 924 2520 illud

172 2556 240 2607 64,
258 2556 343 2598 320
373 2556 625 2596 calathiscus
656 2554 782 2608 (Petr.
816 2551 977 2605 satum).

173 2631 261 2673 Iam
293 2630 515 2684 sequuntur
544 2627 808 2678 deminutiva,
841 2640 943 2682 quae
973 2627 1131 2682 saepius
1163 2628 1284 2681 atque
1314 2625 1439 2668 etiam
1468 2625 1574 2679 apud

57 2707 196 2760 poetas
226 2717 371 2748 aureae
400 2703 661 2746 inveniuntur
690 2702 849 2746 aetatis,
