1716 3164
791 232 1066 273 -10-

299 350 431 391 Minus
472 361 583 390 iar-ie
623 349 715 390 sunt
745 348 893 390 foramtc
933 347 1055 397 tales,
1096 346 1231 399 quales
1263 348 1329 396 (²6,
1347 346 1401 387 46
1433 347 1473 388 et
1502 346 1570 397 64,
1589 347 1716 394 212
1710 332 1716 374 ¹·

184 426 353 465 classi
387 425 505 476 atquc
544 425 611 474 ()2,
628 423 683 464 43
712 425 895 475 unqui,
934 423 1077 476 quippe
1116 434 1216 474 quae
1254 434 1299 463 ex
1339 420 1596 463 nominativis
1631 420 1673 463 in
1711 409 1716 470 ἶ,

185 498 232 538 is
275 497 506 539 exeuntibus
546 496 799 538 descendant.
871 495 1008 537 Cla-esi
1048 495 1242 546 alterum,
1282 494 1387 548 quod
1425 495 1492 546 64,
1509 494 1593 537 212
1632 494 1673 536 in
1712 498 1716 502 “

183 570 297 612 libris
312 571 474 624 optimis
504 571 676 624 (praeter
693 571 738 620 L,
769 569 837 623 qui
867 572 1040 611 classem
1068 569 1207 619 habet)
1240 570 1361 619 extat,
1391 567 1672 611 addubitatum
1710 553 1716 559 ⁴

183 646 263 694 est;
296 644 353 686 ita
383 657 406 686 a
428 644 644 695 Schwabio,
675 644 742 698 qui
771 656 894 699 nuper
922 643 964 686 in
983 643 1154 686 editione
1171 642 1398 687 Catulliana
1413 654 1459 686 ex
1474 641 1671 686 Minturni
1714 672 1716 674 -

184 718 376 772 excerptis
406 724 547 760 castae
575 718 734 772 recepit.

296 792 443 834 Utrum
473 791 654 834 Catullus
693 790 936 834 nominativo
975 789 1143 844 pluralis
1184 791 1238 832 di
1267 789 1472 844 scripserit
1501 802 1551 832 an
1581 790 1674 831 den·

182 878 232 907 an
271 866 350 906 dii
393 865 499 907 haud
542 865 658 907 facile
690 866 751 907 est
794 865 845 907 ad
890 864 1210 915 diiudicandum,
1255 864 1438 918 idemque
1477 863 1586 907 valet
1625 864 1674 906 de

182 938 317 980 dativo
347 940 387 981 et
416 938 592 981 ablativo
621 939 789 993 pluralis
819 939 993 981 eiusdem
1023 938 1216 981 vocabuli.
1258 939 1283 979 I
1309 937 1552 992 duplicatam
1582 938 1674 992 plu-

184 1012 296 1054 rimis
326 1013 422 1055 locis
451 1026 529 1055 non
558 1025 582 1055 a
613 1012 770 1055 Catullo
799 1012 1002 1066 scriptam,
1034 1012 1103 1054 sed
1132 1024 1156 1053 a
1185 1011 1362 1054 librariis
1390 1024 1461 1066 pro
1491 1014 1539 1054 ei
1578 1011 1673 1054 sub-

182 1086 368 1127 stitutam
389 1098 473 1127 esse
494 1086 677 1137 adducor,
709 1087 749 1127 ei
779 1085 1026 1140 diphthongo
1044 1097 1137 1127 vero
1166 1097 1257 1126 cum
1286 1084 1327 1126 in
1357 1084 1448 1126 aliis
1471 1084 1673 1128 vocabulis

181 1160 267 1202 tum
298 1158 339 1200 in
367 1158 459 1210 illo,
500 1159 548 1200 de
587 1172 662 1212 quo
692 1158 868 1212 agimus,
898 1160 1130 1213 plerumque
1159 1158 1217 1199 nil
1246 1157 1357 1200 aliud
1386 1157 1486 1199 mihi
1516 1158 1674 1202 videtur

182 1231 399 1286 significari
438 1233 514 1274 nisi
554 1235 569 1274 a·
607 1233 786 1286 longa,
829 1245 906 1286 qua
945 1232 993 1274 de
1030 1244 1073 1274 re
1113 1231 1186 1274 sub
1230 1231 1350 1273 finem
1379 1231 1496 1274 huius
1527 1231 1672 1274 disser-

182 1305 346 1348 tationis
375 1306 536 1348 uberius
566 1319 685 1360 agere
714 1306 814 1348 mihi
844 1306 887 1347 in
915 1305 1049 1347 animo
1079 1306 1151 1347 est.
1211 1305 1343 1347 Unam
1371 1305 1552 1348 litteram
1580 1317 1672 1360 pro-

182 1378 342 1421 ductam
372 1379 454 1421 illis
494 1379 701 1432 scripturis
739 1378 907 1420 indicari
946 1378 1089 1432 probat
1126 1377 1325 1432 imprimis
1360 1379 1463 1421 ratio
1492 1378 1671 1431 metrica,

182 1465 275 1494 nam
316 1452 396 1495 fere
437 1453 620 1496 omnibus
659 1453 754 1496 locis
799 1453 941 1506 quibus
980 1451 1152 1506 legimus
1192 1452 1251 1493 dia·
1294 1451 1334 1494 et
1377 1452 1462 1493 diis
1500 1451 1675 1506 itemque

182 1525 249 1566 dei
278 1526 318 1567 et
347 1526 435 1567 deis
464 1527 736 1580 monosyllaba
752 1528 856 1569 sunt.
888 1527 977 1568 Iam
992 1537 1223 1580 componam
1239 1525 1417 1579 exempla
1433 1525 1672 1569 Catulliana.

181 1599 253 1639 Dis·
282 1598 323 1639 in
353 1599 551 1640 codicibus
569 1599 673 1642 inest
697 1599 759 1650 13,
778 1600 822 1649 23
856 1601 920 1650 14,
938 1601 964 1642 6
994 1601 1035 1642 et
1052 1600 1127 1649 12;
1159 1589 1321 1650 28‚14’;
1352 1599 1419 1650 30,
1441 1599 1510 1649 11;
1541 1599 1670 1650 53,5;

183 1671 248 1722 76,
268 1673 341 1722 17;
376 1673 467 1723 109,
485 1672 533 1723 3,
573 1673 643 1715 sed
678 1673 822 1726 ubique
851 1673 1182 1727 monosyllabum.
1242 1670 1325 1713 Dei
1353 1671 1672 1726 monosyllabum

181 1757 257 1787 uno
286 1746 397 1787 extat
422 1746 506 1788 loco
531 1746 597 1798 76,
614 1747 681 1789 26.
740 1746 929 1789 Eiusdem
958 1745 1147 1788 carminis
1169 1758 1206 1788 v.
1231 1746 1283 1788 12
1313 1746 1403 1786 deis
1431 1745 1672 1800 monosyHa-

180 1818 276 1859 bum
304 1817 594 1860 restituendum
622 1819 780 1862 videtur
809 1832 855 1862 ex
885 1821 958 1861 des
986 1819 1177 1861 codicum.
1217 1819 1306 1862 Uno
1334 1819 1418 1861 loco
1447 1818 1487 1870 4,
1504 1818 1559 1861 22
1588 1819 1672 1860 diis

179 1892 296 1940 (deis
321 1894 377 1944 p)
415 1891 656 1946 disyllabum
695 1905 720 1935 a
758 1894 876 1947 poeta
914 1893 1149 1946 usurpatum
1188 1893 1260 1934 est.
1320 1890 1379 1934 At
1421 1891 1527 1946 apud
1565 1890 1672 1934 anti-

180 1964 333 2017 quiores
361 1964 578 2018 plurimum
607 1966 647 2008 et
677 1967 736 2008 dii
764 1967 804 2008 et
820 1967 902 2008 diis
929 1965 1204 2020 monosyllaba
1229 1963 1364 2014 fuisse,
1385 1964 1487 2007 etin
1507 1963 1670 2019 optimis

180 2036 294 2079 libris
322 2050 442 2079 manu
473 2038 631 2092 scriptis
671 2040 715 2079 di
743 2040 784 2081 et
814 2040 880 2080 dis
917 2038 1068 2081 tradita
1108 2051 1210 2091 esse,
1242 2051 1367 2092 neque
1395 2051 1488 2081 vero
1516 2039 1567 2080 ab
1596 2051 1671 2080 usu

179 2109 471 2163 insequentium
509 2110 721 2153 abhorrere
761 2111 911 2154 Neuius
951 2111 1065 2154 docet
1102 2124 1164 2166 gr.
1205 2112 1294 2154 Lat.
1326 2111 1347 2153 1
1375 2123 1441 2166 pg.
1476 2111 1558 2154 100
1596 2122 1669 2164 sq„

181 2181 249 2235 qui
278 2182 407 2224 multa
436 2182 657 2236 composuit
686 2184 876 2237 exempla.

293 2255 379 2297 Iam
410 2256 659 2309 pervenimus
689 2256 740 2298 ad
770 2256 1000 2310 genetivum
1029 2258 1183 2300 numeri
1212 2258 1391 2312 pluralis,
1422 2270 1469 2301 ac
1497 2257 1671 2312 primum

179 2327 314 2382 paucis
343 2328 547 2382 genetivos
576 2328 619 2370 in
647 2342 721 2370 um
750 2341 795 2371 ex
826 2344 943 2371 arum
972 2331 1036 2373 vel
1066 2345 1179 2372 orum
1209 2332 1458 2374 contractum
1487 2330 1671 2373 exeuntes

179 2401 390 2455 attingam.
436 2402 641 2444 Eiusmodi
670 2402 875 2457 genetivos
905 2405 951 2446 ut
966 2405 1033 2455 68,
1053 2406 1133 2448 138
1164 2405 1471 2456 caelicolum,
1502 2404 1569 2454 64,
1587 2401 1671 2444 355

183 2476 518 2527 Troiuyenum,
548 2475 639 2517 inde
670 2477 814 2517 deum
844 2477 911 2527 64,
929 2477 984 2519 23
1013 2478 1054 2519 et
1082 2477 1149 2528 66,
1167 2477 1222 2520 63
1267 2475 1354 2533 (ubi
1389 2478 1506 2518 deum
1534 2489 1596 2517 me
1624 2487 1671 2518 ex

180 2549 381 2589 decumme
410 2548 555 2590 codicis
584 2549 873 2591 restituendum
894 2548 988 2604 est),
1019 2551 1106 2592 tum
1135 2551 1306 2592 divum
1336 2550 1402 2602 64,
1419 2551 1471 2594 27
1503 2550 1544 2591 et
1563 2549 1668 2599 387;

182 2621 292 2672 76‚4
321 2621 505 2674 (fortasse
534 2622 657 2664 etiam
687 2623 753 2672 68,
774 2623 852 2665 118
882 2635 971 2664 cum
994 2624 1057 2663 12¹
1087 2623 1348 2674 retinendum,
1379 2635 1455 2677 quo
1484 2623 1569 2666 loco
1598 2621 1669 2664 alii

180 2693 298 2735 aliter
342 2694 628 2736 emendandum
672 2692 938 2748 coniecerunt)
985 2695 1214 2749 saepissime
1257 2696 1380 2738 etiam
1423 2695 1527 2750 apud
1570 2696 1670 2738 alios
