1716 3164
672 232 955 277 -23-

17 345 172 410 [0111111
203 360 325 401 quam
357 347 519 402 quidem
550 349 722 392 sormam
764 351 922 405 praeter
953 350 1146 393 Plautum
1178 349 1303 394 etiam
1334 349 1503 394 Ovidius
1535 352 1575 394 et

48 421 187 465 Livius
227 422 512 466 adhibuerunt.
580 425 768 467 Fortasse
809 427 876 477 68,
894 428 949 468 28
992 428 1278 480 tepefaxie
1318 425 1572 470 scribendum

48 497 110 540 est
147 510 219 551 pro
260 499 462 551 tepefacit
502 498 685 541 codicum
727 499 794 556 (ef.
827 500 993 544 Lachm.
1034 503 1172 544 annot.
1205 501 1257 543 ad
1296 501 1336 543 h.
1369 498 1433 556 1.).
1495 488 1573 544 Sed

16 607 21 618 ,-
47 572 154 616 hune
192 572 323 615 10011111
372 586 463 615 011111
514 573 585 616 alii
626 574 746 617 aliter
791 576 1086 618 emendandum
1135 575 1392 628 coniecerint,
1446 589 1574 630 neque

15 661 20 668 ¹
46 647 132 691 ulla
161 647 390 691 coniectura
430 650 540 692 certa
570 649 727 692 nitatur
756 651 1022 703 auctoritate,
1054 651 1158 693 mihi
1187 651 1409 706 plurimum
1440 644 1574 705 placet

12 718 90 794 {id
135 720 240 777 quod
283 722 485 778 Bergkius
539 724 701 779 scripsit
759 728 1069 780 tepefactet
1124 726 1248 770 etiam
1294 739 1318 769 a
1364 725 1573 770 Schwabio

5 795 264 887 ὲξ11011105111110
308 797 351 839 111
397 798 573 841 editione
616 801 835 854 receptum.
896 801 945 843 In
990 801 1069 844 fine
1114 812 1260 856 ponam
1306 800 1483 844 futuri
1529 801 1571 843 II

0 909 2 929 ξ
5 867 218 915 formam
248 872 472 915 obsoletam
502 887 627 915 rece
634 888 731 927 pso
763 874 942 931 (44,19)
978 876 1117 918 natam
1143 888 1189 918 ex
1219 875 1414 931 primaria
1444 874 1572 919 futuri

47 946 178 990 forma
207 961 428 1000 recepseso
462 947 601 1004 (Neuii
633 961 692 1003 gr.
725 950 770 992 L.
803 950 846 992 ΙΙ
875 962 943 1004 pg.
974 948 1094 1006 427).

15 1027 18 1030 ’
164 1022 424 1076 Imperativis
456 1024 545 1075 dic,
590 1024 691 1076 duc,
731 1026 829 1078 sac,
862 1026 952 1078 fer,
986 1023 1054 1078 qui
1085 1036 1180 1067 usus
1211 1023 1437 1078 frequentia
1468 1025 1570 1066 fina-

13 1097 125 1160 {lem
157 1098 442 1152 perdiderunt,
484 1098 640 1141 accedit
671 1098 822 1142 Catulli
862 1100 1020 1151 inyer
1060 1099 1147 1150 (27,
1167 1098 1193 1140 2
1233 1098 1345 1141 codd.
1398 1098 1570 1153 inqere).

45 1171 193 1215 Contra
215 1186 307 1215 vero
338 1175 464 1227 face
494 1173 655 1228 integra
680 1173 811 1215 forma
837 1170 887 1215 ab
910 1173 1049 1215 eodem
1067 1173 1226 1216 Catullo
1248 1173 1315 1224 36,
1337 1168 1389 1217 16
1420 1172 1571 1227 scripta

44 1248 118 1298 est,
152 1260 274 1301 quam
304 1250 371 1300 63,
390 1249 444 1291 78
476 1250 517 1291 et
548 1249 602 1290 79
643 1250 751 1290 recte
794 1261 840 1290 ex
878 1250 953 1301 fac
983 1248 1164 1290 codicum
1195 1249 1463 1291 restituerunt
1492 1247 1571 1289 viri

0 1300 6 1362 ,ἶ
44 1321 163 1364 docti.
225 1323 326 1365 Inde
362 1323 405 1364 in
446 1322 532 1365 eod.
566 1324 602 1363 D
633 1322 785 1377 legitur
815 1322 884 1374 55,
905 1324 954 1365 11
987 1323 1212 1375 reduce,
1254 1323 1360 1377 quod
1400 1321 1571 1365 fortasse

0 1407 2 1434 1
44 1398 86 1439 et
114 1396 250 1451 ipsum
280 1398 421 1451 poetae
452 1398 589 1440 nostro
622 1397 826 1439 debemus
889 1396 967 1439 Sed
997 1409 1089 1439 cum
1118 1396 1228 1438 locus
1260 1397 1472 1451 corruptus
1502 1396 1568 1448 sit,

44 1484 133 1515 eam
173 1472 305 1527 ipsam
345 1473 395 1515 ob
437 1485 600 1515 causam
642 1473 866 1526 scripturae
905 1471 968 1513 illi
1004 1484 1083 1514 non
1113 1483 1265 1526 magna
1294 1470 1480 1513 habenda
1511 1471 1572 1514 est

0 1534 14 1567 ³*
44 1546 156 1590 fides.
187 1572 237 1577 -
270 1547 367 1590 Alia
397 1548 446 1590 de
477 1561 648 1604 syncope
678 1548 719 1590 et
749 1559 921 1602 apocope
951 1546 1033 1590 vid.
1065 1547 1171 1589 infra
1200 1547 1304 1602 part.
1338 1546 1385 1589 V.

0 1680 3 1684 .
164 1622 256 1665 Non
300 1636 463 1677 prorsus
504 1623 635 1665 forma
675 1622 901 1677 antiquiore
932 1622 1124 1664 infinitivi
1176 1623 1218 1664 in
1264 1625 1347 1664 ier
1391 1621 1571 1664 exeuntis

44 1709 188 1739 aureae
218 1696 366 1739 aetatis
397 1698 536 1751 poetas
567 1697 813 1739 abstinuisse
839 1697 939 1739 satis
970 1698 1154 1752 probant,
1188 1699 1234 1740 ut
1254 1696 1337 1739 alia
1367 1696 1568 1748 omittam,

5 1763 8 1766 Δ
47 1771 228 1826 exempla
257 1771 446 1823 Horatii,
488 1771 556 1825 qui
589 1772 763 1825 quidem,
795 1782 887 1814 eum
917 1771 960 1813 in
991 1771 1141 1815 saturis
1172 1773 1213 1814 et
1243 1771 1438 1825 epistulis·
1460 1771 1570 1813 haud

43 1859 134 1889 raro
164 1846 358 1889 adhibeat
389 1849 466 1899 ier,
499 1847 638 1889 eodem
663 1846 764 1889 alibi
795 1847 919 1889 semel
950 1860 1028 1890 non
1059 1847 1217 1902 saepius
1248 1846 1378 1889 utitur
1409 1847 1450 1889 et
1479 1846 1568 1900 qui-

6 1932 11 1935 ·
43 1922 132 1965 dem
175 1935 297 1965 carm.
330 1922 389 1964 IV
423 1924 487 1974 11,
506 1923 531 1965 8
572 1924 766 1976 sparqier
807 1936 926 1975 aqna.
998 1922 1241 1976 Saepissime
1277 1934 1371 1964 vero
1400 1921 1472 1964 illo
1504 1923 1570 1962 ier

42 1998 212 2041 utuntur
253 1998 446 2055 Plautus,
489 1996 725 2048 Terentius,
766 1997 990 2040 Lucretius.
1051 1997 1245 2052 Exempla
1261 2030 1270 2048 ,
1317 2009 1419 2050 quae
1463 1997 1569 2050 apud

43 2072 250 2116 Catullum
279 2072 468 2127 legimus,
501 2073 599 2114 haee
630 2072 725 2114 sunt
746 2072 828 2113 tria
850 2071 1040 2114 carminis
1071 2073 1143 2115 61:
1177 2084 1212 2114 v.
1245 2073 1301 2114 42
1332 2074 1570 2114 citarier

43 2162 79 2191 v.
113 2148 168 2191 65
211 2149 621 2201 compararier,
665 2147 771 2200 quod
812 2146 990 2188 eiusdem
1031 2146 1223 2189 carminis
1264 2160 1302 2190 v.
1338 2138 1409 2189 70'
1433 2148 1474 2189 et
1513 2147 1568 2189 75

42 2221 251 2277 repetitur,
282 2235 320 2265 v.
339 2222 407 2273 68,
440 2234 516 2275 quo
546 2221 632 2264 1000
663 2220 889 2264 infinitivus
922 2222 1030 2264 certe
1059 2221 1102 2263 in
1131 2224 1195 2263 ier
1219 2221 1364 2264 cadens
1395 2234 1420 2263 a
1450 2222 1569 2276 poeta

42 2296 217 2351 scriptus
248 2295 348 2348 fuit,
382 2309 628 2350 quamquam
659 2297 701 2338 in
732 2295 853 2338 dubio
894 2297 1054 2348 manet,
1096 2296 1235 2338 utrum
1264 2298 1483 2338 vincior
1513 2295 1568 2339 sit

43 2371 358 2427 praeferendum
382 2384 434 2414 an
464 2374 639 2413 nitier
674 2384 726 2413 an
756 2370 868 2413 aliud
899 2372 1068 2414 verbum
1098 2370 1164 2426 (of.
1199 2369 1400 2413 Schwabii
1430 2371 1566 2413 annot.

42 2447 95 2490 ad
123 2447 164 2490 11.
195 2461 234 2491 v.
265 2449 393 2490 nitier
413 2449 545 2498 [P1].·
574 2449 707 2489 vicier
729 2447 801 2488 GC
819 2446 878 2497 [L
894 2449 940 2496 r]
968 2447 1127 2487 vincior
1158 2446 1241 2486 DL
1270 2446 1472 2487 vincirie'r
1496 2448 1566 2498 p).

41 2522 253 2566 Postremo
293 2522 463 2575 68,141
507 2522 736 2565 coniectura
782 2522 1093 2575 componier
1137 2520 1370 2563 revocatum
1414 2511 1476 2563 est
1521 2521 1567 2563 ei

7 2603 13 2610 ’
45 2611 288 2651 componere
319 2597 512 2639 codicum.

96 2689 99 2692 ⁴
158 2673 263 2715 Item
290 2672 395 2726 apud
417 2670 663 2724 antiquiores
685 2672 731 2712 ut
748 2671 982 2713 'Ferentium
1006 2672 1047 2713 et
1063 2670 1295 2713 Lucretium
1318 2669 1564 2724 saepissime,

41 2746 148 2803 apud
193 2748 332 2801 poetas
377 2747 514 2789 autem
555 2745 763 2789 Catullum
802 2745 1057 2798 insequentes
1088 2744 1295 2788 rarissime
1339 2745 1453 2787 nobis
1494 2745 1564 2789 ob-
