1716 3164
790 231 1065 273 „22-

183 357 417 410 sequuntur:
450 357 515 399 66,
536 356 590 394 31)
621 358 759 395 tristi
790 368 858 408 pro
890 357 1055 405 trivisti,
1087 357 1172 397 tum
1204 367 1225 394 e
1256 366 1344 395 cum
1377 356 1390 394 i
1421 353 1716 410 antecedente-2

182 429 221 470 in
254 442 369 470 unam
401 428 578 470 litteram
609 428 793 470 {coalita
824 429 890 479 66,
909 428 959 470 91
993 429 1040 468 si
1051 429 1132 468 ris
1173 439 1242 480 pro
1270 428 1431 469 siveris.
1492 427 1540 469 Id
1569 427 1675 469 enim
1710 444 1716 491 g

182 515 227 543 ex
267 501 464 555 scriptura
505 502 690 554 corrupta
729 501 920 543 librorum
964 502 1069 555 (aff-is
1100 501 1212 542 GDH
1240 502 1390 542 vestris
1419 499 1543 556 LCp)
1585 513 1674 543 cum
1712 494 1716 527 '³

1711 534 1716 574 i

181 575 433 617 Lachmanno
454 574 719 628 reponendum
741 574 898 617 videtur
927 587 998 616 nec
1019 574 1277 628 probandum,
1310 574 1414 627 quod
1442 574 1488 616 L.
1505 574 1676 616 Mueller
1711 574 1716 624 ⁴5

179 648 227 689 de
246 660 287 689 re
309 650 422 690 metr.
445 660 511 701 pg.
529 646 611 690 399
638 646 747 698 dicit,
780 647 960 690 Catullus
990 649 1093 688 siris
1115 660 1165 689 an
1184 649 1311 688 sieris
1340 646 1527 701 posuerit,
1559 647 1676 700 plane
1712 654 1716 681 Ξ

179 733 253 762 non
285 720 446 773 liquere.
508 721 698 774 Exempla
730 734 820 763 vero
858 721 1076 763 formarum
1106 720 1165 762 ita
1194 721 1240 761 ut
1270 719 1350 761 dixi
1381 722 1676 763 contractarum
1713 722 1716 778 ζ

179 794 295 835 huius
337 794 448 835 verbi
480 794 663 836 Struvius
694 795 741 836 de
782 795 922 837 declin.
955 796 995 837 et
1025 793 1181 847 coniug.
1212 794 1300 837 Lat.
1334 806 1401 848 pg.
1435 795 1517 836 170
1545 795 1673 837 affert.

179 867 309 908 Maior
329 866 450 908 etiam
473 867 634 909 offensio
656 867 761 909 inest
789 867 831 908 in
861 880 918 919 eo,
950 867 1054 920 quod
1084 867 1170 909 ideo
1199 866 1242 908 in
1271 867 1349 909 fine
1378 867 1509 921 posui,
1541 870 1607 919 66,
1625 869 1676 911 18
1714 863 1716 866 ⁴

179 943 386 982 inerint
422 943 615 994 (iuverint
654 942 800 983 GDLC
836 943 1020 985 viverunt
1062 942 1099 981 H
1136 943 1287 982 inerint
1313 943 1383 993 p),
1424 941 1534 983 cuius
1564 941 1676 984 verbi
1712 931 1716 1001 J

176 1014 350 1054 adiuero
390 1013 559 1054 formam
599 1013 770 1066 legimus
808 1013 913 1067 apud
957 1013 1132 1056 Ennium
1176 1014 1298 1069 (Anu.
1347 1015 1442 1058 339.
1502 1015 1582 1058 Cic.
1628 1016 1676 1057 de
1713 1071 1716 1073 ι

177 1098 256 1127 sen.
292 1086 353 1139 1),
394 1087 573 1127 adiuerit
609 1086 712 1139 apud
742 1086 875 1130 Plaut.
907 1087 1009 1129 Rud.
1041 1088 1080 1139 2,
1111 1090 1147 1139 1,
1177 1089 1227 1130 16
1259 1090 1299 1131 et
1327 1088 1484 1130 Terent.
1511 1089 1675 1131 Phorm.

177 1160 215 1210 3,
241 1160 279 1210 3,
302 1159 330 1200 4
377 1158 443 1214 (cf.
475 1159 594 1201 Neuii
625 1172 684 1212 gr.
716 1160 760 1203 L.
793 1160 834 1201 ΙΙ
863 1173 931 1214 pg.
961 1161 1059 1204 416.
1119 1162 1314 1205 Corssenii
1359 1162 1508 1204 librum
1544 1162 1676 1204 Ueber

176 1233 356 1286 Ausspr.,
388 1233 482 1275 Voc.
514 1246 550 1275 u.
582 1234 670 1275 Bet.
703 1234 772 1275 der
793 1234 865 1277 lat.
896 1235 982 1289 Spr.
1014 1236 1035 1277 I
1064 1247 1131 1289 pg.
1166 1237 1244 1279 137
1277 1237 1367 1290 cx).
1426 1236 1674 1289 Quamquam

178 1306 282 1348 enim
313 1306 435 1348 etiam
465 1306 565 1347 alias
591 1306 739 1348 formas
761 1307 978 1361 implicatis
999 1308 1220 1352 mutatione
1242 1309 1435 1364 stirpibus
1455 1310 1676 1364 complures

150 1407 152 1409 »
177 1378 423 1429 invenimuS‚
465 1379 608 1431 quibus
649 1378 771 1421 etiam
801 1387 936 1432 norat,
966 1395 1102 1433 nosse,
1135 1383 1260 1434 aliae,
1291 1397 1389 1438 quas
1420 1397 1539 1438 supra
1568 1397 1676 1426 com-

175 1452 300 1506 posui,
331 1452 649 1494 adnumerandae
680 1454 783 1505 sunt,
825 1454 960 1496 tamen
989 1454 1212 1509 frequentia
1244 1470 1338 1499 usus
1368 1457 1410 1499 in
1439 1457 1523 1499 illis
1551 1469 1676 1511 prava

179 1525 445 1579 mitigabatur
474 1525 576 1567 ratio
605 1526 667 1579 (L.
700 1526 871 1569 Mueller
901 1528 948 1569 de
977 1541 1020 1570 re
1049 1530 1177 1572 metr..
1197 1542 1265 1584 pg.
1296 1529 1412 1586 399).

288 1598 345 1640 At
374 1598 495 1641 etiam
526 1600 807 1653 perfectorum,
839 1613 939 1655 quae
969 1601 1119 1644 habent
1147 1604 1206 1654 si,
1239 1606 1330 1655 psi,
1369 1605 1431 1654 xi,
1462 1603 1674 1656 aliquando

175 1685 243 1726 per
260 1685 454 1727 syncopen
483 1673 786 1716 imminutorum
807 1675 858 1716 ab
879 1675 1045 1729 tragicis
1068 1675 1256 1729 antiquis,
1286 1676 1451 1729 Lucilio,
1481 1678 1672 1728 Varrone,

177 1746 359 1788 Lucretio
390 1747 567 1800 exempla
597 1748 701 1801 apud
738 1747 941 1791 Catullum
980 1747 1154 1803 legimus
1194 1749 1335 1792 haece:
1377 1749 1444 1802 91,
1461 1751 1488 1792 9
1519 1752 1674 1791 duxti

174 1823 202 1868 s
213 1820 258 1860 id
297 1820 414 1860 duaeti
459 1819 709 1861 scribendum
748 1834 819 1875 pro
863 1822 1026 1864 induaeti
1075 1821 1297 1879 codicum),
1345 1825 1411 1876 66,
1429 1825 1482 1867 21
1529 1826 1675 1865 lua-ti

175 1894 338 1942 (lusisti
368 1894 438 1934 D¹
471 1895 615 1934 luxisti
647 1895 724 1945 d),
758 1897 821 1947 14,
843 1895 895 1938 14
925 1897 1071 1936 misti
1113 1894 1251 1951 (metri
1289 1909 1408 1938 causa
1447 1910 1493 1939 ex
1521 1899 1674 1939 misisti

177 1966 354 2008 codicum
385 1967 708 2018 restituendum),
742 1969 807 2018 77,
826 1968 852 2010 3
881 1969 1164 2021 subrepsti
1195 1967 1439 2023 (coniectura
1459 1983 1536 2012 non
1557 1971 1673 2013 dubi-

176 2040 297 2098 tanda
327 2053 396 2093 pro
417 2040 597 2082 codicum
618 2041 881 2094 plurimorum
910 2043 951 2084 et
975 2041 1216 2096 optimorum
1238 2043 1434 2098 scriptura
1459 2044 1673 2100 subrecti),

177 2114 243 2165 99,
262 2115 287 2157 8
318 2115 594 2156 abstersti
626 2115 749 2169 (quod
778 2127 855 2157 non
884 2115 1016 2157 minus
1037 2116 1146 2158 certa
1166 2116 1390 2159 coniectura
1420 2130 1466 2159 ex
1495 2118 1673 2161 codicum

180 2187 346 2230 lectione
376 2188 492 2229 valde
513 2189 676 2230 turbata
698 2188 857 2230 videtur
877 2189 1127 2231 enucleatum
1148 2202 1253 2240 esse;
1285 2190 1334 2233 cf.
1352 2190 1548 2234 Schwabii
1577 2191 1672 2234 edit.

177 2272 243 2314 pg.
275 2260 388 2313 216),
423 2261 515 2311 110,
534 2261 559 2302 3
585 2263 841 2314 promisti
882 2261 1020 2317 (metri
1060 2275 1179 2305 causa
1208 2276 1278 2317 pro
1307 2267 1536 2317 promisisti
1565 2265 1673 2308 codi-

177 2331 284 2387 cum)
328 2332 580 2387 eiusdemque
621 2335 809 2378 carminis
851 2349 887 2378 v.
919 2336 946 2378 5
973 2339 1242 2389 promisse
1281 2337 1408 2392 (codd.
1437 2340 1672 2394 promissa).

179 2404 402 2459 Aliquoties
444 2406 593 2448 similia
633 2407 856 2450 invenimus
896 2410 1002 2463 apud
1032 2410 1153 2465 Verg.
1193 2411 1234 2453 in
1274 2411 1374 2455 Aen.
1415 2415 1455 2456 et
1494 2414 1590 2456 Hor.
1632 2413 1674 2455 in

179 2480 318 2533 Sem„
349 2494 473 2534 neque
502 2494 527 2523 a
557 2481 740 2524 Cicerone
770 2496 929 2536 prorsus
959 2483 1132 2526 alienum
1162 2487 1224 2528 est
1253 2485 1295 2527 id
1324 2499 1449 2541 genus
1467 2485 1529 2543 (cf
1554 2487 1674 2530 Neuii

179 2566 239 2608 gr.
272 2554 315 2596 L.
348 2555 389 2596 II
419 2567 485 2609 pg.
517 2554 634 2609 419).
653 2579 706 2585 —
724 2556 821 2598 Inde
851 2557 1185 2601 coniunctivi
1216 2560 1380 2613 perfecti
1409 2560 1537 2602 forma
1565 2561 1672 2604 anti-

180 2628 292 2680 quior
322 2631 470 2670 ausit
500 2642 544 2670 ex
574 2629 766 2683 primaria
798 2633 954 2672 ausesit
982 2644 1052 2685 pro
1078 2635 1236 2674 auserit
1264 2634 1352 2676 orta
1373 2634 1440 2685 66,
1459 2633 1513 2676 28
1543 2634 1670 2687 (codd.

179 2707 248 2741 out
278 2699 350 2756 sit)
393 2703 432 2743 et
470 2714 560 2744 cum
596 2706 878 2756 compararier
918 2705 1088 2759 repetita
1128 2707 1189 2748 ter
1214 2719 1247 2748 c.
1275 2707 1326 2749 61
1358 2719 1392 2748 v.
1425 2707 1493 2749 65.
1533 2708 1600 2750 70.
1618 2708 1672 2750 75
