1716 3164
775 181 1051 223 „34-

281 309 457 361 Denique
508 307 607 349 illud
649 309 686 347 ei
727 306 922 348 enucleari
971 306 1100 358 potest
1139 316 1183 344 ex
1223 303 1415 345 librorum
1455 304 1651 359 scriptura
1679 312 1684 344 ἱ

168 382 278 431 57,9
307 383 484 423 ,τοι-131·
516 379 646 434 (codd.
676 382 783 421 socii
813 378 869 433 et)
902 390 1006 420 nom.
1037 377 1164 431 plur.;
1194 377 1263 428 55,
1283 377 1335 420 16
1365 378 1504 419 lucei
1534 378 1662 433 (lueet

169 456 267 495 GD¹
287 455 322 494 11
352 455 446 494 licet
477 452 564 507 LC)
598 453 711 501 dat.;
753 454 920 502 61‚210
951 453 1100 493 ludes?
1142 450 1270 504 (codd.
1302 451 1484 503 ludere),
1521 451 1590 502 63,
1610 452 1663 496 10

169 529 350 568 laurei
392 525 520 579 (codd.
554 529 662 566 lauri
694 526 774 575 et),
817 526 947 575 68,81
986 526 1142 565 novet·
1189 524 1317 578 (novit
1346 526 1380 566 G
1409 526 1519 566 vovit
1549 524 1663 567 LGH

169 612 308 640 novum
341 598 394 653 D)
432 611 521 652 gen.
553 600 674 653 sing.;
722 600 855 648 12,14
886 612 939 639 εει·
975 598 1230 639 Hibereis
1273 596 1403 652 (codd.
1435 597 1661 651 exhibere),

169 672 334 723 61,222
371 674 604 712 inscieis
646 672 775 727 (codd.
817 670 1011 724 insciens)
1055 669 1134 712 abl.
1176 669 1301 723 plur.;
1341 669 1381 719 4,
1400 670 1454 711 23
1497 672 1662 711 marei

173 745 299 794 (codd
334 747 506 797 amaret)
536 745 615 786 abl.
648 745 790 787 tertiae
821 743 1107 786 declinationis.
1169 742 1336 786 Accedit
1366 743 1477 793 824
1505 745 1588 784 set*
1618 755 1663 785 ex

169 833 240 860 seu
270 819 462 861 librorum
493 819 796 860 emendandum.
1690 863 1691 866 ,

282 892 413 934 Pauca
461 892 583 934 etiam
628 892 747 933 liceat
793 890 936 933 addere
949 923 959 941 ‚
1006 902 1106 944 quae
1150 889 1247 930 viris
1278 889 1404 932 doctis
1434 889 1568 941 deboc,
1615 889 1664 932 de
1692 891 1693 894 ’

170 964 366 1007 scribendi
394 964 547 1007 ratione
569 964 779 1007 verborum
807 965 1037 1016 paim-andi,
1069 964 1375 1005 demonstrandi
1403 964 1523 1016 atque
1545 962 1663 1005 huius

165 1044 392 1092 postquam.

282 1111 391 1161 523
427 1114 679 1164 perierat
720 1114 826 1154 certe
865 1112 1115 1155 retinendum
1155 1114 1216 1154 est
1245 1124 1335 1153 cum
1365 1112 1535 1162 G[Lr],
1565 1122 1665 1163 quae

169 1184 327 1238 quidem
370 1185 477 1226 verbi
519 1186 646 1227 forma
676 1185 877 1238 antiquior
907 1186 948 1227 in
979 1186 1090 1228 codd.
1122 1185 1270 1236 Plauti,
1303 1184 1484 1234 Horatii,
1515 1183 1663 1225 Lucani

170 1257 281 1298 nobis
311 1257 494 1307 occurrit,
525 1269 649 1310 neque
679 1270 724 1299 ex
748 1271 821 1300 usu
843 1259 1000 1301 videtur
1022 1259 1229 1301 evanuisse
1259 1271 1381 1312 usque
1410 1257 1461 1300 ad
1490 1256 1666 1299 medium

170 1330 369 1372 saeculum
409 1330 579 1383 primum
622 1332 710 1383 post
749 1332 839 1375 Chr.
883 1345 920 1375 n.
965 1333 1030 1386 (cf.
1073 1333 1124 1375 H.
1158 1333 1308 1375 Usener
1337 1344 1427 1374 ann.
1460 1331 1574 1374 Iahn.
1612 1330 1663 1372 91

170 1415 234 1456 pg.
267 1402 381 1458 226).

285 1478 547 1518 Demostrare
576 1478 739 1532 antiquo
770 1480 947 1534 tempore
969 1481 1009 1522 in
1032 1493 1106 1522 usu
1135 1479 1258 1522 fuisse
1287 1491 1358 1533 pro
1387 1480 1666 1520 demonstrare
1710 1471 1716 1513 'i

171 1552 370 1593 testantur
400 1563 490 1592 cum
531 1550 680 1593 similia
722 1553 762 1593 in
793 1553 993 1595 Plautinis
1033 1552 1234 1596 codicibus
1276 1551 1344 1607 (cf.
1375 1550 1666 1593 Fleckeisenius

171 1636 259 1665 ann.
282 1623 395 1665 Iahn.
413 1624 468 1665 60
497 1636 562 1678 pg.
581 1623 682 1679 261)
715 1626 802 1667 tum
831 1626 906 1669 hoc
935 1628 1229 1668 demostres
1258 1624 1454 1666 librorum
1470 1623 1665 1667 Catullia-

172 1708 312 1738 norum
344 1695 614 1750 (demonstres
645 1698 720 1738 LH
725 1697 770 1753 p)
803 1699 870 1750 55,
889 1701 926 1742 2.

284 1769 363 1811 Pro
388 1775 603 1823 postquam
633 1770 829 1814 scribendi
869 1772 971 1814 ratio
998 1785 1250 1825 posquam
1280 1769 1480 1823 antiquior
1509 1768 1666 1811 videtur

173 1843 330 1885 servata
359 1855 444 1886 esse
477 1845 540 1895 11,
557 1845 612 1888 23
641 1844 682 1886 111
713 1845 843 1887 codice
874 1846 924 1895 D,
956 1844 1004 1887 de
1040 1857 1118 1899 qua
1147 1844 1196 1886 cf.
1228 1844 1272 1887 Ο.
1304 1842 1544 1886 Ribbeckius
1573 1853 1664 1884 ann.

173 1915 286 1958 Iahn.
318 1917 370 1959 77
401 1928 468 1970 pg.
504 1917 595 1960 187.

284 1989 361 2032 Sed
390 1990 487 2032 haec
504 1991 707 2034 hactenus.
755 1991 802 2033 Id
825 2004 947 2033 unum
964 1990 1154 2044 exemplis
1177 1989 1369 2033 adhibitis
1392 1990 1665 2031 demonstrare

176 2063 280 2105 volui
313 2087 362 2093 —-
395 2076 472 2117 qua
510 2064 551 2106 in
590 2077 633 2107 re
671 2065 754 2107 iam
783 2064 981 2119 Bergkius
1011 2065 1052 2106 et
1082 2064 1328 2106 Froehnerus
1357 2062 1584 2105 anteierunt
1611 2084 1667 2092 —-—

174 2136 296 2178 etiam
326 2137 374 2179 de
403 2137 700 2191 quaestiouibus
715 2137 1036 2192 orthographicis
1065 2137 1194 2181 multa
1223 2138 1348 2188 nobis,
1380 2137 1414 2179 si
1444 2135 1667 2178 accuratius

175 2210 217 2251 in
255 2222 302 2252 ea
342 2210 600 2264 inquirimus,
641 2212 683 2253 in
722 2212 922 2255 codicibus
951 2211 1101 2255 Catulli
1139 2223 1259 2253 manu
1295 2210 1456 2264 scriptis
1485 2207 1668 2263 quamvis

175 2283 398 2326 recentibus
439 2297 641 2327 occurrere
654 2318 665 2337 ,
706 2298 807 2339 quae
845 2286 892 2327 ut
921 2284 1086 2339 antiqua
1115 2286 1155 2326 et
1184 2285 1322 2338 poetae
1351 2282 1430 2337 ipsi
1459 2281 1669 2324 tribuenda
1704 2307 1709 2312 -

177 2369 222 2399 ex
252 2357 354 2399 libro
370 2357 588 2400 Veronensi
617 2357 791 2401 mutuati
822 2358 904 2401 sint
923 2358 1117 2400 librorum
1138 2356 1303 2400 scribae.
1349 2356 1670 2410 Haudquaquam

177 2430 282 2472 enim
312 2431 560 2484 quaestiones
590 2431 685 2474 illae
714 2431 766 2473 ad
795 2431 1113 2474 constituendam
1143 2429 1452 2485 grammaticam
1480 2428 1668 2472 Latinam

177 2504 290 2557 parvi
320 2506 413 2546 sunt
441 2505 652 2558 putandae.
702 2505 778 2547 Sed
806 2505 981 2559 primum
1010 2505 1166 2559 oportet
1196 2515 1395 2557 quaerere,
1426 2501 1522 2556 quid
1550 2501 1671 2543 suerit

178 2577 218 2618 in
247 2577 350 2619 libro
381 2578 619 2629 Veronensi,
660 2578 801 2620 deinde
841 2578 936 2631 quid
974 2579 1092 2632 poeta
1130 2576 1347 2630 scripserit.
1406 2575 1545 2629 Neque
1578 2585 1670 2616 vero

178 2650 392 2703 quidquam
441 2651 479 2691 in
524 2651 598 2692 hoc
644 2651 931 2705 neglegendum
976 2652 1058 2698 est,
1110 2652 1150 2691 et
1189 2649 1498 2703 diligentissime
1538 2647 1671 2690 variae
