1716 3164
645 176 931 228 —1'7-

18 290 199 359 'sueller
225 299 275 343 de
295 313 339 343 re
358 300 476 343 metr.
495 312 563 355 pg.
581 301 679 345 386.
725 301 778 343 H.
798 301 953 344 Usener
982 313 1074 344 ann.
1106 301 1228 346 Jahn.
1261 302 1314 346 91
1346 314 1416 358 pg.
1434 297 1553 356 226).

23 366 31 411 Ῐ
36 384 51 410 ¹²
61 389 156 420 uam
186 375 359 418 formam
389 375 673 429 antiquiorem,
706 388 807 428 quae
838 376 978 418 eodem
1007 377 1124 419 modo
1148 378 1237 420 orta
1265 378 1396 420 estex
1428 378 1556 420 haece

19 452 73 525 {it
102 452 207 492 hunc
237 463 284 493 ex
314 452 457 508 hun-cc,
489 451 566 492 hoc
596 463 642 492 ex
672 451 774 492 hoce
805 451 895 502 etc,
927 450 1052 493 etiam
1084 451 1266 495 Ciceroni
1295 452 1555 495 tribuendam

18 525 113 587 jnse
152 525 289 569 docuit
327 525 625 569 Fleckeisenius
666 525 772 568 Mus.
815 526 945 568 Rhen.
987 526 1068 568 VII
1107 539 1175 581 pg.
1217 527 1299 570 271
1333 539 1416 581 sq.,
1458 539 1554 570 ean-

14 599 42 671 ἶζ.
55 614 197 656 emque
227 601 436 656 Vergilius
466 601 656 644 adhibuit
685 599 899 654 aliquoties
934 598 1005 656 (cf.
1022 600 1143 643 Neuii
1160 613 1221 655 gr.
1238 601 1285 644 L.
1303 602 1346 643 Π
1361 601 1554 657 pg.150).

14 677 86 720 ‘lt
114 688 244 731 pauca
274 676 400 718 etiam
430 676 599 719 afferam
642 675 824 729 exempla
855 687 1021 717 casuum
1051 675 1224 718 aliorum
1254 676 1433 719 eiusdem
1462 689 1556 731 pro-

12 750 202 795 ominis
232 751 340 805 apud
369 752 556 805 antiquos
587 749 779 792 similiter
801 749 1153 801 conformatorum,
1185 750 1435 794 nominativo
1463 751 1557 805 plu-

58 826 128 868 lis
173 824 388 867 masculini
435 828 503 868 hic
547 825 749 875 Lucilius,
797 826 888 866 heic
933 824 1133 866 Pacuvius
1179 825 1388 878 dixerunt,
1435 826 1557 879 atque

42 915 186 943 orunc
220 902 262 943 et
301 902 457 942 harunc
487 914 577 955 gen.
609 901 714 954 plur.
747 900 855 954 apud
884 900 1078 941 Plautum
1109 901 1150 942 et
1181 900 1417 943 Terentium
1447 913 1557 943 com-

29 976 213 1026 Iuribus
242 975 342 1018 locis
373 975 562 1030 legimus
622 976 708 1018 Nec
738 975 873 1017 minus
904 975 982 1016 huc
1012 974 1201 1028 pertinet,
1234 975 1339 1029 quod
1371 975 1557 1019 Catullus

3 1064 6 1100 ς
40 1051 155 1103 7,37
187 1052 329 1094 neutro
358 1050 532 1104 pluralis
562 1050 665 1093 dixit
695 1053 874 1092 istaec
904 1050 1083 1103 (isthaec
1110 1049 1229 1101 libri3
1268 1053 1348 1092 iste
1378 1052 1484 1099 GH)
1516 1052 1558 1093 et

14 1131 101 1186 too,
119 1125 147 1172 5
176 1125 357 1167 ablativo
389 1124 492 1180 sing.
527 1126 667 1166 illoc
695 1124 738 1166 in
767 1124 851 1166 his:
883 1139 1050 1166 numero
1066 1126 1185 1166 modo
1207 1127 1284 1167 hoc
1303 1126 1423 1168 modo
1444 1127 1558 1168 illoc.

145 1199 449 1242 Difficillimum
481 1200 543 1241 est
572 1199 624 1241 ad
655 1199 978 1251 diiudicandum,
1011 1200 1058 1241 ut
1088 1212 1217 1253 pauca
1246 1200 1295 1242 de
1324 1199 1558 1254 pronomine

6 1261 212 1317 {elativo
234 1274 444 1326 disseram,
476 1274 616 1316 utrum
646 1276 771 1327 quoi
801 1286 853 1315 an
883 1276 972 1316 cui
1002 1274 1210 1329 scripserit
1239 1276 1375 1329 poeta,
1407 1287 1487 1329 qua
1516 1274 1559 1316 in

2 1334 28 1390 '22-
54 1362 76 1392 e
105 1350 277 1393 editores
318 1349 425 1391 inter
464 1361 507 1391 se
548 1349 791 1402 discrepant.
854 1348 1049 1391 Nonnulli
1090 1351 1196 1392 certe
1226 1350 1305 1392 loci
1341 1349 1457 1393 nobis
1487 1349 1559 1391 fir-

6 1418 146 1467 v{unare
185 1424 376 1467 videntur
416 1423 624 1466 Catullum
671 1425 795 1477 quoi
840 1423 1060 1477 scripsisse.
1141 1425 1205 1466 En
1243 1424 1423 1479 primum
1470 1423 1550 1466 loci

70 1499 178 1542 ibus
198 1499 242 1541 in
262 1498 448 1542 omnibus
479 1498 597 1540 libris
628 1500 695 1539 cui
725 1498 899 1552 legitur:
932 1498 1000 1550 22,
1025 1499 1082 1542 20
1100 1501 1258 1553 cuique,
1292 1499 1359 1551 30,
1377 1500 1404 1542 6
1426 1500 1559 1542 cuive.

4 1574 162 1622 zstmm
190 1573 259 1625 23,
279 1573 301 1615 1
334 1571 432 1630 (om.
455 1574 518 1614 L⁰
539 1573 574 1614 0
602 1575 698 1626 quoi
724 1571 772 1628 p)
806 1574 846 1615 et
865 1574 932 1624 64,
950 1572 1033 1616 219
1067 1572 1202 1630 (quem
1223 1576 1258 1615 G
1284 1575 1355 1615 al’.
1386 1575 1454 1616 cui
1469 1574 1555 1627 6¹²)

27 1679 29 1682 .
48 1647 51 1650 ’
98 1648 232 1692 codice
249 1648 471 1691 Veronensi
502 1649 570 1689 cui
599 1647 760 1689 videtur
791 1646 989 1700 scriptum
1018 1646 1155 1691 fuisse.
1203 1647 1282 1690 Sed
1314 1649 1352 1699 1,
1372 1647 1410 1699 l,
1441 1647 1553 1690 codi-

21 1720 25 1756 ᾗ
75 1736 118 1765 m
162 1722 336 1778 vestigia
376 1721 411 1764 si
466 1721 684 1775 sequimur,
731 1721 973 1763 Veronensis
1024 1724 1094 1776 qui
1139 1722 1300 1765 videtur
1342 1722 1548 1775 habuisse,

21 1807 41 1839 i:
90 1792 268 1852 ipturam
291 1811 336 1840 ex
367 1800 463 1852 quoi
484 1796 636 1840 Catulli
653 1797 797 1846 ortam,
829 1809 901 1838 nec
920 1796 1055 1838 minus
1085 1797 1125 1848 2,
1144 1798 1189 1847 33
1222 1798 1290 1849 67,
1308 1797 1362 1840 47
1377 1814 1387 1849 ;
1418 1797 1553 1849 24,5;

19 1857 42 1920 χῖι
64 1872 171 1916 ibus
199 1872 299 1915 locis
320 1872 386 1915 vel
414 1873 459 1914 in
483 1871 647 1926 optimis
674 1870 876 1913 codicibus
907 1871 972 1913 vel
1002 1871 1044 1913 in
1074 1871 1279 1914 nonnullis
1309 1873 1555 1927 optimorum

81 1949 97 1989 i
124 1947 228 1990 illud
266 1947 455 2002 legimus
517 1947 704 1989 Fortasse
742 1959 787 1988 ex
820 1948 915 1999 quoi
945 1945 1228 1999 antiquissimo
1261 1947 1403 1999 17,14
1431 1946 1553 1989 lectio

24 2021 225 2066 ‘brorum
264 2021 512 2076 optimorum
552 2023 620 2063 cui
651 2022 785 2062 iocum
815 2023 872 2062 sit
911 2033 984 2075 pro
1023 2023 1120 2075 quoi
1146 2035 1241 2076 *cum
1269 2024 1328 2064 sit
1356 2023 1448 2065 orta
1477 2024 1553 2074 est,

27 2097 70 2153 [t
101 2098 195 2149 107,
216 2099 238 2139 1
270 2109 317 2140 ex
357 2097 540 2140 codicum
580 2095 827 2150 optimorum
866 2095 1037 2138 lectione
1077 2098 1116 2137 si
1146 2097 1344 2150 quicquid
1381 2096 1556 2140 fortasse

28 2189 66 2218 ,ι
101 2190 109 2210 ι
149 2171 435 2214 O.Ribbeckio
463 2185 557 2214 ann.
580 2171 703 2214 Jahn.
728 2171 783 2213 85
813 2182 881 2224 pg.
898 2171 982 2213 378
1013 2172 1053 2211 si
1083 2172 1180 2224 quoi
1210 2171 1312 2224 quid
1338 2170 1556 2213 restituen—

33 2250 122 2289 um
152 2248 227 2289 est.
273 2247 386 2290 Haec
414 2247 490 2290 hac
521 2247 570 2289 de
600 2260 643 2289 re
674 2258 909 2300 componere
939 2244 1041 2286 mihi
1072 2244 1201 2296 licuit,
1234 2258 1362 2299 pauca
1393 2245 1556 2299 quidem

34 2334 231 2379 servaque
260 2322 340 2364 fide
371 2322 553 2374 subnixa,
586 2323 781 2373 attamen,
813 2321 893 2363 nisi
922 2321 1055 2372 fallor,
1087 2320 1223 2375 digna,
1256 2333 1358 2374 quae
1376 2333 1454 2363 non
1484 2333 1556 2375 pro

39 2395 155 2439 ‘hilo
185 2397 463 2441 aestimentur.
525 2397 650 2438 Extat
681 2409 774 2438 vero
805 2398 904 2450 quoi
934 2395 1038 2437 illud
1077 2395 1119 2437 in
1149 2394 1292 2437 multis
1323 2394 1556 2450 inscriptio·-

23 2470 146 2515 ibus
177 2473 219 2514 et
248 2471 365 2526 apud.
378 2472 585 2523 Plautum,
618 2471 742 2514 etiam
774 2471 1046 2526 compluribus
1077 2470 1176 2513 locis
1206 2470 1400 2514 librorum
1431 2483 1555 2513 manu

21 2557 41 2584 εὶ
71 2546 270 2602 riptorum
313 2546 515 2590 Ciceronis
547 2548 588 2589 et
618 2547 793 2602 Vergilii
836 2546 904 2603 (cf.
938 2545 1059 2588 Neuii
1090 2558 1152 2600 gr.
1185 2545 1229 2587 L.
1262 2545 1305 2586 II
1334 2557 1402 2600 pg.
1435 2544 1554 2601 165).

36 2618 54 2628 ’“
142 2621 251 2675 Quae
283 2622 331 2664 de
353 2622 534 2665 ablativo
554 2622 775 2677 singularis
798 2623 838 2664 et
868 2621 1040 2676 pluralis
1073 2619 1319 2674 pronominis
1351 2623 1419 2674 qm·
1450 2619 1555 2673 qnae

67 2697 138 2737 eod
167 2709 212 2737 ex
243 2696 393 2739 Catulli
437 2698 683 2739 carminibus
715 2710 851 2738 erum-o
883 2696 1020 2751 potui,
1062 2697 1159 2738 haec
1190 2697 1295 2737 sunt.
1357 2695 1489 2748 Quum
1519 2695 1554 2736 is

1301 2775 1323 2809 2
