1716 3164
658 229 942 275 -35—

41 343 224 386 codicum
264 343 530 398 superstitum
570 344 761 388 lectiones
803 349 897 389 sunt
938 345 1221 402 inspiciendae.
1291 348 1395 389 Tuin
1437 347 1567 391 multa

42 419 316 471 revivescant,
357 431 459 474 quae
498 420 731 463 etiamnunc
776 421 819 463 in
858 421 1065 477 farragine
1104 421 1324 464 lectionum
1364 421 1568 466 variarum

41 494 200 550 sepulta
239 494 385 537 iacent.
446 494 496 537 In
526 495 613 546 his,
646 497 692 538 ut
722 509 846 538 unum
878 509 1076 548 moneam,
1108 496 1232 551 longa
1263 497 1331 539 sed
1362 497 1568 540 fructuosa

40 569 119 613 erit
147 569 331 624 quaestio
371 568 420 611 de
460 569 755 612 assimilatione
795 570 1138 625 praepositionum
1177 571 1219 613 in
1262 572 1495 627 compositis
1526 575 1567 615 et

39 643 110 698 qui
139 643 264 687 fuerit
292 656 389 686 usus
419 645 563 698 poetae
592 644 721 687 nostri
752 644 794 687 in
824 644 909 688 illis
939 645 1191 688 adhibendis.

735 914 889 971 vn.

282 1034 375 1099 De
418 1034 858 1099 deminutivis
902 1033 1316 1100 Catullianis.

154 1162 244 1204 Iam
284 1162 541 1216 pervenimus
582 1163 634 1205 ad
673 1162 824 1205 formas
866 1162 1161 1214 deminutivas,
1202 1163 1348 1216 quibus
1380 1163 1565 1207 Catullus

37 1248 133 1278 usus
164 1235 231 1288 sit,
263 1237 491 1280 accuratius
522 1237 827 1292 componendas.
875 1237 984 1280 Satis
1014 1238 1174 1279 constat
1204 1249 1340 1280 amare
1358 1237 1566 1281 Catullum

38 1310 85 1353 ut
106 1310 330 1354 Varronem
360 1313 401 1354 et
418 1312 654 1355 Lucretium
685 1312 947 1364 deminutiva,
980 1325 1026 1354 ac
1055 1312 1194 1366 generi
1225 1312 1388 1366 quidem
1418 1314 1565 1356 carmi—

37 1397 135 1427 num
176 1384 499 1429 CatuHianorum
544 1387 812 1441 plurimorum
853 1388 1004 1442 optime
1045 1401 1090 1430 ea
1131 1387 1343 1431 convenire
1382 1391 1562 1443 apparet.

35 1459 86 1501 In
106 1460 353 1503 carminibus
383 1462 608 1516 poetarum,
635 1462 710 1516 ¹qui
731 1475 824 1505 eum
850 1462 979 1505 secuti
1000 1464 1106 1514 sunt,
1138 1463 1270 1505 rarius
1291 1463 1563 1506 inveniuntur.

37 1533 115 1577 Sed
154 1535 262 1589 apud
291 1535 526 1579 Iuvenalem
566 1537 694 1580 denuo
724 1537 855 1580 multa
885 1537 1082 1592 legimus,
1115 1539 1156 1579 et
1186 1537 1426 1580 ultimorum
1456 1539 1561 1580 tem-

35 1622 179 1665 porum
208 1611 350 1665 poetae
379 1611 490 1654 haud
520 1612 639 1667 pauci
671 1612 734 1655 usi
765 1614 860 1655 sunt
887 1612 1039 1655 talibus
1061 1612 1278 1654 verborum
1307 1611 1448 1654 formis
1479 1611 1564 1654 sive

24 1683 155 1727 'docta
174 1684 404 1728 imitatione
426 1686 801 1741 antiquissimorum
823 1687 1006 1741 repetitis
1029 1686 1112 1729 sive
1128 1686 1252 1740 vulgo
1273 1686 1561 1729 obtinentibus.
1619 1695 1627 1707 ¹

35 1758 144 1801 Istae
175 1772 267 1802 vero
305 1759 502 1803 dictiones
533 1761 793 1815 quantumvis
823 1762 1000 1804 usitatae
1030 1761 1073 1803 in
1103 1774 1284 1804 sermone
1330 1761 1486 1816 plebeio
1515 1774 1563 1804 ac

34 1834 229 1877 familiari
265 1836 402 1878 tamen
442 1849 466 1878 a
496 1837 643 1891 grandi
684 1838 724 1879 et
755 1837 863 1879 elata
894 1837 1068 1880 dictione
1104 1849 1183 1879 non
1213 1835 1348 1878 minus
1378 1837 1562 1879 veterum

35 1920 156 1963 quam
201 1911 338 1952 nostro
383 1910 679 1954 abhorruerunt
723 1911 881 1955 iudicio.
964 1911 1215 1966 Quapropter
1257 1911 1443 1955 Catullus
1482 1923 1560 1954 non

34 1982 169 2037 posuit
197 1983 240 2025 in
269 1983 447 2027 carmine
478 1984 749 2028 Galliambico
780 1985 860 2028 nisi
890 1986 952 2028 bis
983 1986 1025 2028 in
1056 1985 1286 2028 narratione
1319 1983 1375 2042 (v.
1394 1986 1462 2029 35.
1488 1985 1560 2039 74)

34 2057 156 2101 metri
194 2059 435 2102 necessitate
476 2060 629 2112 victus,
672 2061 777 2115 quod
816 2061 861 2104 L.
894 2061 1068 2103 Mueller
1098 2060 1147 2102 de
1182 2072 1225 2101 re
1255 2060 1373 2101 metr.
1406 2070 1475 2113 pg.
1507 2059 1564 2101 36

34 2134 180 2186 censet,
211 2147 412 2189 nusquam
442 2148 535 2179 vero
565 2135 607 2178 in
638 2136 818 2179 oratione
848 2138 919 2179 aut
938 2135 1052 2179 Attis
1083 2136 1155 2177 aut
1185 2134 1372 2189 Cybelae.
1422 2133 1564 2187 Neque

33 2207 76 2250 in
115 2220 150 2250 c.
182 2209 238 2252 62
278 2209 530 2253 deminutiva
570 2210 798 2253 invenimus
836 2234 879 2240 —-
916 2211 1100 2265 neglecto
1139 2209 1212 2252 illo
1249 2211 1393 2262 puella
1427 2208 1563 2251 usita-

33 2281 192 2325 tissimo
233 2307 287 2314 —
328 2286 489 2339 praeter
525 2285 601 2327 hoc
636 2285 847 2338 flayellum
888 2286 941 2335 (v.
975 2285 1049 2338 552)
1091 2284 1139 2326 de
1179 2296 1338 2326 summa
1378 2282 1562 2338 palmitis

32 2358 149 2411 parte
187 2357 355 2402 dictum.
417 2359 580 2414 Optime
620 2360 756 2402 autem
798 2360 1040 2402 conveniunt
1068 2360 1238 2401 naturae
1269 2357 1460 2400 carminis
1491 2358 1560 2409 25,

33 2430 103 2474 ubi
131 2431 273 2475 formis
294 2432 379 2475 illis
401 2434 442 2476 et
463 2433 654 2476 similiter
680 2434 917 2477 sonantibus
948 2433 1218 2488 pulcherrime
1235 2432 1373 2475 Thalli
1404 2431 1561 2475 cinaedi

33 2505 228 2549 mollities
259 2506 495 2562 depingitur
525 2507 604 2550 sic:

264 2581 438 2626 Cinaede
469 2582 626 2634 Thalle,
659 2582 820 2626 mollior
850 2583 1027 2626 cuniculi
1058 2582 1205 2636 capiUo

262 2657 328 2700 vel
357 2658 513 2700 anseris
544 2657 768 2700 medullula
797 2657 863 2699 vel
892 2656 1021 2699 imula
1051 2655 1253 2699 auricilla.

148 2732 284 2786 Atque
313 2732 465 2776 Catulli
496 2731 695 2774 adiectiva
728 2730 979 2773 deminutiva
1009 2728 1233 2783 composuit
1263 2729 1322 2771 Μ.
1355 2730 1558 2784 Hauptius

1284 2811 1334 2841 3*
