1716 3164
777 226 830 234 -.
889 203 943 246 24
1004 225 1050 230 ,..,

176 318 336 360 veniunt
372 319 517 369 potis
557 320 595 356 et
633 321 754 367 pote
797 315 872 368 (ita
904 317 1014 367 potis
1045 313 1148 367 apud
1182 314 1298 367 Verg.
1332 314 1429 355 Aen.
1465 315 1525 355 ΙΙΙ
1558 316 1662 365 671;
1705 325 1716 349 ’ἴ

171 394 280 444 potis
312 396 371 430 est
403 390 452 431 ib.
487 390 542 431 IX
571 391 650 431 796
683 390 722 429 et
755 388 809 429 XI
846 389 943 437 148;
976 387 1078 440 apud
1110 387 1206 428 Hor.
1238 388 1368 429 Carni.
1402 388 1462 429 III
1499 388 1558 438 17,
1585 386 1663 443 13).

175 463 292 517 Apud
323 463 524 506 Catullum
555 462 652 504 haec
683 462 818 503 extant
843 461 1033 514 exempla.
1094 459 1153 502 Ac
1182 461 1357 514 primum
1387 461 1546 514 quidem
1576 474 1664 503 cum
1709 514 1712 518 Α

174 537 293 578 verbo
332 549 421 576 esse
446 537 558 588 potis
599 535 775 576 iunctum
815 534 987 587 legimus
1027 534 1136 583 ‹35,3
1171 537 1322 586 potis
1352 541 1454 584 est,
1486 535 1667 587 idemque
1710 531 1716 625 Ι

177 610 241 659 76,
258 609 333 658 24,
374 621 463 649 cum
494 608 742 650 coniunctivo
771 611 827 648 sit
860 609 951 658 115,
969 609 1007 658 3,
1039 618 1114 659 quo
1145 619 1260 648 versu
1295 609 1447 659 potis
1484 610 1559 649 sit
1596 620 1666 661 pro
1713 628 1716 675 ἦ

171 684 371 734 potuisset
401 681 578 723 codicum
609 681 861 722 scribendum
891 682 963 722 est.
1025 680 1121 721 Inde
1152 681 1217 730 72,
1239 680 1261 722 7
1294 682 1383 733 qui
1407 682 1558 734 potis
1588 687 1667 722 est

176 755 279 797 idem
310 755 511 809 significat
540 755 642 808 quod
673 756 741 807 qui
767 759 901 806 potest
930 755 1044 806 sieri.
1107 754 1230 794 Pote
1261 755 1380 796 verbo
1418 768 1506 795 sum
1523 755 1668 798 omisso

176 829 280 870 idem
312 828 513 882 significat
543 827 645 880 quod
673 833 807 879 potest
840 827 904 877 17,
922 827 999 875 243
1038 828 1104 877 67,
1125 828 1198 877 11;
1240 829 1373 879 98,1‚
1414 830 1532 882 atque
1562 828 1667 879 455³

177 901 293 944 metri
342 914 460 942 causa
515 901 618 942 idem
663 900 763 941 illud
804 905 928 951 pote
971 912 1042 952 pro
1083 906 1217 952 potest
1261 901 1550 943 restituendum
1595 903 1667 951 est,
1709 932 1716 949 .,

177 978 216 1017 et
257 975 321 1024 76,
342 976 393 1016 16
440 979 556 1026 pote
607 973 741 1014 eodem
794 973 908 1014 modo
959 985 1035 1026 quo
1072 975 1184 1026 potis
1224 974 1332 1023 727
1385 974 1556 1028 legimus
1600 989 1669 1028 pro
1708 963 1716 1038 ff

173 1053 307 1100 potest
333 1049 424 1099 fieri
455 1047 517 1087 his
549 1046 700 1087 verbis:
732 1047 819 1086 sive
849 1046 894 1086 id
922 1059 1000 1086 non
1026 1052 1121 1098 pote
1150 1049 1238 1087 sive
1263 1054 1375 1100 pote.
1420 1048 1568 1089 Eadem
1599 1048 1671 1090 illa

177 1120 236 1161 vis
266 1120 405 1171 4216
437 1120 540 1161 inest
570 1119 610 1159 in
642 1119 759 1160 verbo
785 1124 990 1171 potest,
1022 1120 1125 1172 quod
1145 1119 1385 1173 Doeringius
1415 1120 1457 1162 in
1482 1127 1577 1174 pote
1607 1127 1669 1163 est

181 1193 385 1235 disiunxit.

295 1265 417 1307 Verbi
437 1267 596 1318 inquam
619 1263 814 1315 defectivi,
847 1264 894 1305 de
915 1277 990 1317 quo
1018 1266 1090 1307 sub
1119 1266 1237 1308 finem
1260 1266 1376 1309 huius
1397 1268 1523 1321 partis
1545 1268 1672 1310 libelli

178 1339 391 1389 disseram,
432 1338 562 1392 prima
592 1350 756 1391 persona
800 1338 965 1390 perfecti
1007 1340 1208 1391 inquii,
1254 1352 1354 1392 quae
1399 1340 1503 1394 apud
1548 1341 1672 1383 alium

177 1414 379 1454 auctorem
395 1412 619 1452 Romanum
640 1423 716 1451 non
738 1410 951 1459 invenitur,
983 1425 1007 1452 a
1023 1411 1225 1466 Scaligero
1243 1425 1275 1454 c.
1299 1414 1359 1463 10,
1378 1414 1431 1455 27
1454 1427 1524 1467 pro
1546 1416 1673 1467 iuquit

180 1484 451 1527 emendatione
473 1484 660 1526 restituta
682 1484 754 1534 est,
777 1496 941 1536 eamque
961 1484 1034 1526 hoc
1055 1485 1139 1526 loco
1161 1486 1200 1526 et
1219 1486 1392 1526 metrum
1413 1487 1454 1527 et
1475 1487 1670 1528 sententia

179 1557 380 1612 postulare
420 1557 617 1599 videntur.
677 1557 826 1599 Extant
866 1570 957 1598 vero
998 1558 1102 1611 apud
1144 1559 1323 1600 nostrum
1355 1559 1529 1602 eiusdem
1562 1560 1670 1601 verbi

179 1632 327 1672 formae
364 1631 521 1683 praeter
563 1633 725 1683 inquam
765 1632 805 1672 et
845 1633 973 1683 inquit
1012 1630 1298 1673 usitatissimas
1338 1633 1446 1683 727
1478 1635 1670 1686 inquis,

185 1705 317 1757 10,14
349 1706 619 1757 inquiunt,
652 1703 760 1754 24,7
793 1705 1021 1757 inquies.

894 2030 971 2086 V.

182 2150 272 2212 De
315 2148 592 2231 syllabis
636 2148 1118 2225 contrahendis,
1161 2149 1242 2214 de
1278 2167 1565 2232 syncope
1609 2152 1676 2213 et

183 2261 470 2325 apocope
511 2244 846 2308 vocalium
897 2247 1098 2324 atque
1153 2246 1674 2309 consonantium.

296 2370 382 2411 Iam
413 2383 674 2423 exponamus,
707 2383 807 2423 quae
837 2370 884 2411 de
915 2370 1194 2412 contrahendis
1224 2370 1281 2412 eis
1312 2383 1411 2424 quae
1441 2373 1534 2413 sunt
1562 2373 1675 2413 mihi

184 2443 224 2484 et
252 2443 391 2484 nihil
421 2445 513 2485 sunt
542 2443 583 2484 in
622 2445 819 2497 promptu.
879 2444 932 2486 Et
961 2446 1065 2486 nihil
1100 2444 1257 2497 quidem
1298 2443 1400 2486 illud
1435 2454 1675 2497 quamquam

185 2515 412 2568 posterioris
451 2515 595 2557 aetatis
636 2530 706 2557 usu
747 2517 945 2558 communi
986 2517 1092 2559 haud
1132 2518 1250 2560 dubie
1289 2518 1492 2560 distractis
1532 2517 1571 2559 in
1602 2531 1675 2559 usu
1709 2539 1714 2544 ·

186 2591 246 2630 est
276 2589 455 2642 syllabis,
487 2589 591 2630 idem
624 2591 754 2631 tamen
788 2603 862 2632 non
893 2591 1024 2632 minus
1054 2594 1170 2642 recte,
1203 2592 1249 2633 ut
1269 2590 1395 2633 Servii
1426 2592 1515 2632 utar
1531 2590 1674 2639 verbis,

186 2674 256 2716 pro
285 2662 404 2705 metri
435 2663 669 2706 necessitate
699 2663 856 2717 cogitur
889 2663 957 2719 (ad
987 2664 1086 2706 Aen.
1120 2664 1176 2706 VI
1210 2665 1318 2716 104).
1369 2663 1427 2706 Ac
1456 2663 1675 2718 promiscue
