1716 3164
670 237 954 281 ..21-

9 339 220 412 saepius,
252 350 359 405 apud
389 350 604 406 scriptores
626 351 784 395 Catullo
806 352 982 396 minores
1004 366 1202 409 nusquam
1233 354 1406 412 legimus
1439 357 1576 412 (Neuii

6 439 112 511 ᾖεν.
144 427 188 470 L.
222 426 265 468 11
304 438 372 482 pg.
405 426 504 470 386.
558 427 608 470 cf.
647 427 802 471 Struvii
843 430 912 472 lib.
956 430 1004 474 de
1045 430 1188 474 declin.
1222 433 1262 474 et
1293 433 1451 487 coniug.
1484 434 1573 476 Lat.

4 550 30 607 t

2 578 215 637 ,tetuli
227 582 243 617 t
273 576 406 630 (codd.
438 579 632 628 retulit),
670 580 736 631 63,
755 581 810 622 52
842 581 1009 621 tetuli
1043 579 1174 636 (codd.
1206 581 1349 637 retuli)
1393 584 1434 624 et
1463 583 1576 636 plus-

7 646 272 712 Ϊξᾳιιειωρθϊΐ.
305 653 373 704 66,
391 651 448 695 35
479 658 557 694 tet
568 655 645 695 uli
656 660 773 695 sset
802 660 868 704 (te
900 656 1063 695 tulisset
1089 656 1199 696 GLH
1228 658 1441 698 retulisset
1470 658 1575 705 19¹),

1 725 186 782 qualia
215 726 324 782 apud
353 727 567 782 scriptores
598 727 811 784 Augustae
842 729 991 772 aetatis
1022 743 1101 773 non
1124 731 1270 773 extant
1301 730 1366 784 (cf.
1399 729 1575 773 Neuium

6 801 11 837 f
34 803 76 846 ’1.
110 803 138 846 l.
171 814 239 857 pg.
271 802 368 845 357.
430 802 642 846 Struvium
671 805 698 848 l.
732 805 759 847 l.
791 817 861 859 pg.
888 805 1007 859 160).

23 894 26 895 ’
164 877 318 931 Quibus
350 877 502 929 subicio
534 879 715 933 exempla
746 892 976 934 syncopes
1008 881 1048 922 et
1078 879 1302 922 usitatioris
1334 881 1374 922 et
1396 879 1575 922 rarioris.

48 953 109 996 Ac
138 952 318 1007 primum
348 952 511 1007 quidem
543 954 725 1008 exempla
757 966 948 1008 syncopes
970 953 1276 1005 usitatissimae,
1309 967 1409 1008 quae
1432 967 1478 997 ea
1501 956 1574 1003 est,

48 1029 94 1071 ut
114 1041 160 1070 ex
183 1031 253 1070 avi
274 1029 464 1082 sequente
483 1042 504 1069 s
526 1029 567 1070 et
589 1041 667 1070 ave
690 1030 879 1082 sequente
902 1044 924 1070 r
946 1030 1068 1083 longa
1086 1029 1160 1071 fiat
1183 1042 1222 1079 a,
1246 1029 1345 1071 haec
1366 1029 1448 1071 fere
1468 1029 1575 1083 apud

21 1103 232 1146 nostrum
248 1102 445 1158 legimus:
484 1103 618 1155 10‚15
640 1107 960 1159 comparasti,
994 1103 1100 1155 25,ss
1133 1105 1425 1156 involasti,
1449 1103 1576 1155 99‚12

27 1180 320 1233 cessasti,
353 1178 487 1230 64‚97
520 1180 818 1231 iactastis,
853 1181 958 1230 16,3
982 1181 1249 1232 putastis,
1276 1178 1383 1230 53,3
1407 1181 1576 1232 expli-

49 1259 260 1307 casset,
293 1253 464 1306 64‚174
494 1256 828 1307 reliqasset,
860 1255 973 1304 64,2
1004 1266 1191 1303 nasse,
1222 1253 1363 1304 67‚23
1396 1254 1436 1296 et
1467 1255 1575 1304 76‚3

13 1335 19 1387 J
47 1329 316 1380 violasse,
351 1327 485 1380 67,24
516 1328 1134 1379 conscelerasse310,32
1161 1330 1409 1380 pararim,
1445 1329 1576 1380 13,12

10 1403 15 1442 ῗ
49 1405 332 1446 donarunt.
403 1403 553 1446 Itidem
594 1402 767 1454 usitata,
816 1414 1059 1456 quamquam
1109 1415 1188 1444 non
1229 1403 1316 1444 tam
1363 1403 1576 1458 divulgata

14 1471 20 1507 Ϊ
48 1490 169 1534 quam
204 1478 300 1530 illa,
342 1478 391 1521 de
422 1491 502 1532 qua
532 1478 650 1520 modo
681 1477 768 1532 egi,
801 1490 847 1519 ea
883 1478 945 1519 est
975 1489 1160 1531 syncope,
1193 1490 1272 1531 qua
1303 1478 1501 1520 secundae
1533 1480 1574 1520 et

47 1553 192 1596 tertiae
221 1553 516 1608 coniugationis
546 1554 735 1608 perfecta,
769 1551 928 1606 quaein
954 1554 1016 1593 evi
1034 1553 1189 1603 exeunt,
1222 1554 1411 1606 sequente
1430 1567 1451 1594 s
1470 1553 1534 1595 vel
1552 1567 1575 1594 r

14 1643 15 1646 ¹
47 1642 118 1684 pro
149 1631 215 1671 evi
255 1629 328 1672 illo
368 1629 534 1684 longam
575 1629 728 1671 habent
769 1642 813 1679 e,
859 1626 1082 1670 cuiusmodi
1124 1627 1200 1669 duo
1241 1628 1424 1682 exempla
1455 1628 1572 1670 unius

19 1725 21 1727 ·
48 1703 163 1748 verbi
195 1704 302 1759 apud
342 1703 550 1747 Catullum
591 1703 748 1745 inveni:
791 1702 859 1754 64,
880 1703 960 1744 176
991 1703 1308 1755 requiesset
1351 1703 1455 1758 (loco
1487 1716 1572 1745 cor-

47 1780 178 1834 rupto,
212 1792 289 1833 quo
320 1779 475 1822 codices
496 1778 640 1834 optimi
673 1779 890 1819 consilium
921 1778 1076 1818 uostris
1106 1778 1352 1829 requisisset
1383 1777 1574 1820 exhibent

45 1869 117 1911 pro
141 1868 198 1908 eo,
230 1855 336 1910 quod
353 1855 650 1898 restituendum
671 1853 843 1905 videtur,
867 1853 1047 1894 consilia
1067 1853 1109 1893 in
1129 1853 1287 1892 nostris
1308 1854 1572 1906 requiesse&

46 1931 114 1983 84,
132 1932 156 1974 7
198 1932 538 1985 requierant.
608 1929 761 1971 Eodem
813 1927 931 1970 modo
982 1927 1083 1968 duae
1129 1926 1310 1980 syllabae
1361 1925 1402 1967 in
1449 1940 1571 1969 unam

46 2006 276 2049 coalescunt
306 2005 348 2047 in
379 2004 555 2059 perfecto
579 2006 675 2045 novi
705 2016 797 2045 cum
830 2001 1075 2056 compositis,
1108 2000 1220 2043 cuius
1242 2001 1348 2055 apud
1366 2001 1571 2044 Catullum

45 2079 219 2135 quinque
250 2080 345 2122 sunt
375 2079 557 2133 exempla
587 2079 731 2120 haece:
765 2078 832 2128 67,
849 2078 901 2120 37
935 2078 1088 2127 nosti,
1122 2078 1188 2128 72,
1209 2078 1230 2119 1
1264 2090 1427 2128 nosse,
1460 2077 1571 2128 91‚3

14 2168 382 2209 ,coquossem3
414 2156 499 2207 3,6
530 2160 714 2205 norat,
746 2154 813 2205 66,
833 2154 887 2196 26
919 2166 1222 2205 coquorum.
1270 2151 1446 2205 Quartae
1477 2164 1571 2194 con-

9 2252 11 2254 ·
44 2229 264 2286 iugationis
294 2230 418 2272 verba
459 2231 500 2272 et
540 2229 709 2281 tertiae,
759 2241 860 2282 quae
891 2226 1042 2270 litteris
1074 2229 1132 2269 ivi
1163 2227 1435 2269 terminantur
1465 2228 1570 2269 tem-

10 2346 13 2347 ⁷
44 2318 139 2360 pore
168 2305 358 2360 perfecto,
390 2304 450 2347 ita
480 2303 790 2354 imminuuntur,
823 2305 868 2345 ut
898 2317 922 2344 υ
954 2302 1142 2356 sequente
1172 2315 1193 2342 s
1224 2301 1364 2344 littera
1395 2301 1570 2344 elidatur

15 2387 18 2389 ’
44 2381 86 2423 et
116 2382 150 2422 ti
181 2379 223 2422 in
253 2379 269 2423 i
299 2380 510 2432 coalescat,
542 2379 647 2422 unde
678 2379 754 2421 hae
780 2379 958 2421 existunt
987 2377 1162 2419 formae:
1199 2378 1263 2427 15,
1293 2377 1319 2418 3
1350 2379 1570 2430 cupisti,

44 2454 157 2508 67,3
202 2455 243 2498 et
286 2457 314 2499 5
359 2457 633 2506 servisse,
680 2454 795 2505 36,5
842 2454 1112 2494 desissem
1169 2450 1416 2507 (coniectura
1459 2452 1569 2494 haud

0 2561 4 2580 ,
43 2529 267 2573 dubitanda
296 2543 368 2585 pro
399 2531 604 2572 dedissem
636 2527 858 2584 codicum);
899 2527 992 2569 inde
1022 2526 1064 2568 in
1094 2525 1158 2568 his
1190 2526 1241 2568 ab
1284 2528 1406 2568 eundi
1447 2527 1569 2570 verbo

0 2582 5 2644 ἶ
43 2603 250 2656 derivatis,
284 2604 396 2647 cuius
419 2603 642 2658 composita
665 2603 787 2645 etiam
820 2615 937 2657 prosa
962 2601 1140 2643 01··1tione
1163 2613 1186 2641 υ
1209 2613 1365 2655 senipei
1388 2601 1565 2644 elidunt:

0 2688 5 2733 ξ
43 2678 181 2736 84,11
207 2681 348 2720 isset
380 2681 511 2732 (esset
528 2681 601 2729 G)
633 2678 738 2721 idem
763 2679 830 2729 68,
849 2679 904 2721 86
938 2676 1188 2733 (essetw),
1223 2679 1290 2727 68,
1308 2678 1364 2720 85
1396 2678 1565 2719 abisse

46 2753 214 2811 (abesse
244 2757 346 2806 H),
388 2755 428 2807 8,
446 2754 472 2796 2
519 2755 756 2808 perisse.
832 2751 1059 2795 Rarissima
1114 2754 1209 2796 suut
1263 2752 1384 2804 talia,
1431 2753 1566 2806 qualia

10 506 32 546 ἕξ
50 513 118 558 pg.
138 500 254 556 198).
303 502 484 544 Ferendi
515 502 628 545 verbi
658 504 882 562 perfectum
911 505 1207 560 reduplicatum
1239 506 1414 562 legimus
1435 509 1503 559 63,
1520 508 1574 551 47
1646 502 1650 507 ’
