1716 3164
0 291 101 361 ’Ξ311
129 300 327 345 librorum
356 299 500 343 scribis
530 298 586 358 sit
615 297 888 350 tribuendum,
920 310 1012 340 cum
1027 294 1272 338 Buechelero
1302 293 1377 338 1.1.
1409 294 1572 336 auctore

44 376 192 420 talium
221 376 503 427 vocabulorum
532 373 754 417 accusativi
795 373 837 415 in
869 375 906 414 is
937 372 980 414 in
1010 369 1176 426 optimis
1207 370 1248 412 et
1277 368 1572 422 antiquioribus

45 449 375 505 inscriptionibus
417 463 495 492 non
535 448 815 499 inveniantur,
858 447 927 502 qui
968 446 1131 501 quidem
1171 445 1214 486 in
1244 443 1573 499 inscriptionibus

0 518 22 581 ’ὲ
44 524 246 570 inferioris
275 524 496 568 latinitatis
528 525 569 567 et
598 524 640 565 in
671 523 788 565 libris
819 536 942 564 manu
972 520 1135 576 scriptis
1166 519 1326 575 saepius
1356 518 1471 562 nobis
1501 518 1573 561 ob-

0 591 17 629 22
44 601 223 644 veniunt.
272 601 329 644 Ut
350 612 444 643 vero
474 599 594 650 locos,
626 598 771 652 quibus
803 598 979 639 hominis
1008 596 1113 639 illud
1141 595 1359 647 invenitur,
1390 594 1572 645 afferam,

45 674 90 717 hi
120 675 236 718 sunt:
271 674 312 729 1)
343 674 385 716 in
412 673 534 716 titulo
564 671 747 715 libertini
778 672 962 716 Caesaris
993 672 1119 715 aetati
1149 670 1363 714 tribuendo
1397 669 1457 726 (C.
1475 669 1508 711 Ι.
1526 669 1572 713 L.

0 729 15 779 ἓ
45 750 288 803 111.1027);
335 748 380 806 2)
415 749 521 804 apud
538 749 628 791 Ter.
646 747 774 792 Andr.
806 747 847 799 4,
879 748 991 799 2,12
1022 746 1154 789 Nonio
1184 750 1347 788 auctore
1376 756 1444 799 pg.
1468 743 1572 793 252;

0 778 13 887 Ξ
45 837 146 880 quae
176 824 339 879 quidem
370 824 571 878 scriptura
592 823 634 865 in
664 821 866 865 codicibus
897 834 1021 864 manu
1043 820 1206 875 scriptis
1236 819 1407 875 exempli
1437 818 1574 874 gratia

0 887 9 960 ξ
45 899 153 943 inest
181 898 385 942 Plautinis
431 898 538 953 (Mn.
572 898 674 953 glor.
707 898 812 940 660:
862 897 941 937 tris
982 897 1196 947 hominis).
1266 895 1404 949 Atque
1451 893 1572 944 idem,

0 963 9 1030 3
46 974 152 1029 quod
192 974 241 1017 de
279 975 454 1016 hominis
494 973 623 1016 forma
664 972 768 1023 dixi,
812 971 923 1014 valet
953 971 1001 1013 de
1033 973 1266 1014 libidinis
1297 971 1386 1023 (45,
1398 970 1466 1022 24,
1497 982 1574 1023 quo

0 1047 5 1083 ἶ
45 1049 132 1093 1000
163 1050 252 1091 LH
262 1050 325 1103 dp
357 1049 554 1091 libidines
585 1045 771 1103 habent).
833 1046 978 1100 Itaque
1008 1047 1148 1089 utrum
1186 1046 1229 1088 in
1259 1046 1311 1088 iis
1351 1058 1453 1100 quae
1492 1043 1576 1087 dixi

0 1116 2 1119 ’
46 1122 252 1166 vocabulis
284 1124 425 1178 poetae
455 1123 591 1165 nostro
623 1124 662 1163 is
693 1121 747 1164 sit
778 1120 1060 1173 tribuendum,
1102 1120 1270 1175 ideoque
1308 1120 1418 1163 idem
1448 1119 1573 1163 etiam

47 1197 140 1240 aliis
179 1197 278 1240 locis
319 1197 374 1240 sit
404 1196 722 1249 restituendum,
764 1209 817 1238 an
857 1196 942 1239 illis
987 1195 1087 1250 ipsis
1126 1195 1227 1238 locis
1259 1197 1322 1237 eis
1352 1194 1572 1249 scripserit,

48 1272 154 1327 quod
183 1272 342 1315 saeculo
372 1272 455 1314 fere
486 1271 658 1326 septimo
688 1284 760 1326 pro
791 1273 829 1313 is
860 1272 901 1314 et
919 1270 1032 1325 prius
1063 1282 1185 1324 quam
1215 1270 1291 1313 hoc
1307 1270 1572 1322 scribebatur,

48 1360 96 1391 ea
125 1348 174 1390 de
202 1360 246 1389 re
277 1359 382 1390 nunc
411 1346 516 1388 nihil
546 1346 770 1389 discernere
800 1358 1024 1400 possumus.
1057 1345 1167 1389 Satis
1196 1345 1322 1388 habui
1350 1346 1459 1389 locos
1473 1345 1574 1388 -sin-

0 1409 2 1411 θ
48 1422 178 1477 gulos,
209 1421 355 1476 quibus
386 1423 425 1463 is
455 1420 559 1463 illud
589 1421 777 1476 legimus,
810 1434 1059 1476 componere.

164 1496 354 1539 Adiciam
383 1495 426 1538 in
456 1496 536 1538 fine
567 1495 857 1550 disputationis
888 1497 937 1539 de
967 1495 1176 1539 nominum
1207 1493 1367 1538 casibus
1398 1493 1574 1538 Graecas

48 1571 220 1623 formas,
252 1571 397 1626 quibus
414 1570 598 1614 Catullus
630 1584 724 1614 usus
757 1572 834 1623 est,
863 1584 991 1626 pauca
1020 1571 1132 1626 prius
1162 1570 1368 1626 praefatus
1400 1569 1450 1612 de
1478 1569 1571 1611 uni-

48 1647 199 1700 versis,
231 1659 333 1701 quae
369 1646 544 1702 legimus
577 1647 683 1701 apud
712 1647 758 1689 L.
790 1646 1036 1689 Muellerum
1068 1644 1136 1703 (de
1166 1659 1210 1689 re
1239 1646 1358 1690 metr.
1390 1657 1460 1700 pg.
1490 1645 1573 1688 387

48 1723 90 1766 et
118 1721 243 1777 388):
280 1721 440 1776 „Igitur
470 1734 562 1764 cum
593 1721 861 1764 vetustissimi
891 1722 1073 1764 auctores
1104 1733 1195 1764 raro
1225 1719 1412 1763 flexiones
1443 1721 1575 1763 exter-

48 1797 217 1852 nigenas
262 1796 585 1851 adsumpsissent
615 1821 670 1826 —
707 1795 775 1850 qui
816 1797 858 1839 et
897 1796 1000 1838 illud
1042 1796 1160 1839 valde
1209 1797 1418 1850 amarunt,
1450 1795 1576 1839 decli-

38 1871 254 1915 nationem
284 1870 483 1915 Graecam
512 1884 583 1926 per
613 1871 900 1926 metaplasmos
930 1871 1126 1926 adaptare
1155 1871 1216 1915 ori
1230 1870 1376 1915 Latino
1398 1895 1437 1902 -
1450 1903 1462 1924 ,
1491 1870 1576 1914 iam

49 1946 100 1989 ab
130 1946 241 1989 Attii
270 1945 364 1989 inde
394 1947 435 1989 et
450 1946 598 1989 Lucilii
629 1948 809 2002 tempore
838 1945 973 1989 minus
1004 1946 1187 1990 versibus
1217 1949 1264 1991 ut
1293 1946 1576 1991 subveniretur

49 2033 171 2076 quam
226 2021 424 2064 iactantia
477 2022 704 2065 studiorum
755 2021 872 2064 valde
928 2021 1214 2065 increbuerunt
1269 2021 1575 2066 terminationes

49 2095 238 2150 Graecae,
270 2097 376 2151 quod
406 2098 448 2139 et
463 2096 592 2139 Varro
622 2097 799 2139 testatur
828 2096 872 2138 in
900 2095 1006 2139 libro
1037 2096 1085 2139 de
1114 2096 1256 2152 lingua
1286 2096 1435 2140 Latina
1449 2097 1490 2139 X
1509 2121 1573 2140 -—.

48 2170 108 2215 At
137 2171 344 2227 Vergilius
379 2184 471 2215 cum
511 2171 763 2214 consortibus
794 2171 1021 2214 studiorum
1051 2171 1220 2215 abiectis
1250 2173 1323 2215 aut
1353 2172 1405 2214 ad
1443 2171 1575 2215 modi-

50 2258 142 2288 cum
171 2259 291 2288 usum
319 2245 495 2289 redactis
525 2246 761 2289 flexionibus
792 2246 1034 2300 quibusdam
1074 2247 1248 2290 externis
1278 2247 1382 2290 alias
1411 2247 1575 2303 proprio

50 2321 230 2376 exemplo
259 2333 353 2363 cum
382 2320 592 2373 sanxisset,
623 2320 879 2375 insequentes
908 2334 1037 2376 pauca
1066 2335 1193 2377 neque
1224 2335 1271 2366 ea
1290 2322 1435 2379 gravia
1449 2336 1576 2368 nova-

50 2409 155 2439 vere.
197 2397 415 2439 Praeterea
435 2395 723 2451 dignissimum
754 2397 816 2439 est
845 2397 1041 2440 memoria
1070 2398 1186 2451 illud,
1217 2399 1432 2442 verborum
1447 2399 1576 2443 Grae-

50 2483 201 2524 corum,
233 2471 269 2514 si
289 2471 451 2526 propria
471 2473 543 2515 aut
564 2472 748 2515 technica
771 2472 983 2528 exceperis,
1016 2473 1176 2517 omnino
1198 2473 1356 2530 copiam
1376 2474 1573 2518 maiorem

51 2558 175 2600 quam
215 2546 322 2601 apud
359 2547 600 2590 recentiores
641 2547 814 2590 inveniri
855 2548 973 2591 libris
1004 2561 1160 2602 eorum,
1191 2549 1244 2592 ad
1273 2549 1396 2593 finem
1426 2548 1575 2592 saeculi

52 2635 87 2664 a.
120 2634 158 2663 u.
191 2634 225 2664 c.
258 2620 421 2675 septimi
461 2621 530 2675 qui
570 2621 716 2665 vixere.
776 2623 831 2665 Et
869 2623 944 2666 hoc
974 2623 1138 2678 quidem
1167 2624 1321 2679 partim
1351 2623 1575 2668 communis

53 2696 246 2739 sermonis
289 2710 361 2739 usu
402 2697 552 2752 partim
583 2697 777 2741 iactantia
818 2699 952 2742 evenit
983 2699 1247 2742 studiorum.“
1325 2699 1503 2753 Quorum
1532 2699 1575 2742 in
