1716 3164
671 184 957 228 „31-

17 302 20 312 ’
59 299 93 341 Τ
118 299 418 341 convolsae
461 296 602 353 (ceteri
643 298 755 341 codd.
788 304 1000 348 contusus)
1036 300 1245 352 exhibent,
1278 301 1319 343 et
1349 301 1463 353 63,5
1493 301 1579 342 de-

54 374 227 415 volsit
257 371 299 413 in
328 371 447 413 libris
478 371 639 414 videtur
668 374 900 427 corruptum
931 386 1017 416 esse
1047 374 1089 415 in
1121 376 1300 416 devolvit
1335 374 1402 431 (cf.
1426 375 1577 428 Haupt.

0 453 15 469 ¹
55 447 101 501 Q.
134 446 223 491 Cat.
254 458 322 501 pg.
355 444 429 501 70)
474 448 661 501 „propter
691 447 922 502 ignoratam
952 449 1222 503 antiquiorem
1254 449 1455 492 scribendi
1485 461 1579 492 oon-

11 519 14 520 ’
53 521 308 565 suetudinem
346 521 626 565 oblitteratam
667 523 823 566 novicio
863 538 960 576 usu,
1013 524 1082 578 qui
1123 526 1302 567 devulsi!
1341 525 1574 580 praetulit.‘

54 595 226 649 68,124
270 598 565 638 volturium
608 597 890 652 corrigendum
935 611 981 640 ex
1022 600 1242 640 volturium
1283 600 1396 641 GDC
1407 614 1435 653 p
1470 600 1581 650 [P1]

53 674 330 714 voluntarium
354 674 393 714 H
410 674 629 714 vallarium
654 674 701 724 L,
733 673 898 723 61,2Ο9
920 675 1034 714 volt
1061 686 1134 727 pro
1157 675 1297 715 volunt
1312 674 1580 717 revocandum

54 747 136 798 est,
178 746 303 800 atque
343 746 407 788 his
448 746 634 789 omnibus
675 747 866 801 exemplis
899 748 1059 790 collatis
1090 760 1169 790 non
1199 749 1477 791 dubitabimus
1507 761 1580 803 pro

54 835 80 862 u
109 820 154 862 in
183 820 270 863 his:
313 821 381 872 45,
414 822 470 863 22
501 823 675 874 mavult,
719 822 786 874 72,
805 822 832 864 3
862 823 1032 875 vulqus,
1065 823 1132 874 61,
1151 823 1235 866 216
1269 825 1473 877 parvulus
1502 824 1578 867 etc.

55 909 81 936 o
110 895 324 938 restituere
355 897 494 938 contra
525 896 723 938 librorum
754 896 1051 939 auctoritatem.

176 972 212 1014 U
232 970 439 1025 antiquior
467 971 511 1013 111
541 974 557 1013 i
586 973 746 1014 mutata
768 973 830 1014 est
850 972 892 1013 in
913 972 1055 1015 multis
1078 972 1241 1015 vocibus
1263 973 1309 1015 ut
1330 972 1373 1014 in
1402 974 1579 1024 simum,

51 1048 280 1099 pontufex,
313 1048 593 1098 eaeistumare,
635 1047 741 1088 limet
773 1049 846 1102 (Ξ
880 1049 1021 1099 lieet),
1061 1047 1104 1089 in
1135 1047 1415 1101 superlativis,
1458 1050 1579 1102 atque

54 1120 207 1163 diutius
237 1120 280 1162 in
310 1120 375 1162 his
405 1120 505 1174 ipsis
527 1134 622 1162 usus
654 1120 878 1174 fluctuavit,
911 1122 1041 1175 quoad
1071 1122 1200 1164 Iulius
1223 1122 1369 1166 Caesar
1391 1122 1433 1164 in
1462 1122 1579 1164 fibris

54 1195 103 1237 de
133 1195 323 1250 analogia
353 1197 369 1237 i
404 1195 660 1237 scribendam
699 1209 785 1238 6336
830 1196 988 1239 statuit.
1055 1199 1092 1239 U
1134 1197 1206 1240 illa
1251 1211 1323 1252 pro
1355 1201 1371 1240 a·
1402 1198 1526 1240 etiam
1556 1211 1580 1240 a

55 1271 216 1314 Catullo
239 1270 399 1325 saepius
421 1270 583 1313 videtur
605 1272 766 1314 servata
788 1271 922 1314 fuisse.
969 1272 1047 1324 Ita,
1078 1274 1125 1315 ut
1147 1273 1373 1327 exemplum
1398 1273 1578 1324 afferam,

54 1345 202 1399 ubique
241 1345 403 1388 videtur
433 1346 658 1388 revocanda
698 1358 785 1388 esse
824 1345 866 1387 in
907 1348 1058 1387 lubet
1088 1346 1315 1400 antiquiore
1346 1347 1415 1388 sed
1445 1347 1579 1390 divul-

53 1420 280 1474 gatissimo.
341 1420 457 1474 Quod
497 1420 660 1475 quidem
699 1420 742 1462 in
784 1421 987 1463 codicibus
1027 1422 1202 1476 legimus
1237 1422 1374 1474 15,11
1406 1423 1470 1465 1113
1513 1422 1580 1479 (de

54 1494 238 1538 codicum
259 1507 334 1537 scr.
356 1495 406 1537 cf.
426 1494 627 1538 Schwabii
650 1496 745 1539 edit.
765 1508 832 1550 pg.
856 1497 965 1551 180),
990 1498 1057 1549 61,
1080 1500 1179 1549 1333
1205 1499 1271 1550 17,
1294 1498 1344 1540 17
1378 1498 1495 1553 (libet
1511 1499 1579 1551 D),

54 1570 122 1622 24,
141 1570 189 1621 93
221 1570 288 1621 61,
307 1570 390 1612 211
432 1571 563 1625 (ludet
592 1573 674 1623 H),
712 1572 780 1622 38,
799 1572 821 1613 7
868 1570 985 1627 (libet
1015 1573 1124 1627 LC),
1164 1573 1231 1624 39,
1253 1572 1307 1616 14
1348 1574 1480 1629 (iubet
1511 1573 1581 1626 H),

53 1645 190 1698 40‚6;
223 1645 291 1697 76,
311 1646 366 1688 14
405 1645 615 1700 (qualibus
648 1644 750 1702 ΠΙ).
811 1647 879 1696 62,
897 1648 953 1689 36
994 1659 1131 1689 01111163
1170 1647 1324 1690 codices
1354 1647 1508 1690 habent
1537 1653 1581 1689 al

55 1720 155 1761 libet
198 1721 360 1774 praeter
395 1721 437 1773 Τ,
484 1720 554 1774 qui
595 1722 761 1762 adlucet
805 1722 974 1775 praebet
1018 1723 1252 1776 corruptum
1293 1735 1339 1764 ex
1379 1728 1423 1764 al
1455 1722 1578 1764 lubet.

55 1793 168 1846 62,ss
200 1795 339 1836 lubeat
369 1794 545 1849 legimus
587 1797 739 1845 (libeat
769 1797 924 1849 ΕΘΗ),
957 1797 1094 1849 61,41
1128 1798 1334 1839 lubentius
1366 1797 1581 1854 (libentius

55 1868 221 1926 wll),
263 1871 378 1920 27,5
407 1872 522 1912 iubet
562 1871 744 1913 codicum
791 1870 833 1912 in
874 1873 987 1913 lubet
1023 1871 1306 1927 corrigendum
1336 1873 1410 1914 est.
1471 1871 1579 1925 Qua-

54 1945 218 1998 propter
247 1944 357 1986 haud
397 1945 584 1987 dubitare
625 1958 836 1999 possumus
882 1946 974 1988 aliis
1017 1947 1138 2000 locis,
1181 1947 1252 1989 ubi
1291 1947 1388 1990 libri
1427 1947 1580 1990 habent

56 2020 159 2062 libet
196 2019 259 2075 (ut
288 2022 327 2072 2,
349 2018 394 2076 6)
428 2020 492 2063 vel
533 2022 707 2062 libenter
741 2019 805 2077 (ut
835 2021 947 2073 44‚6
978 2023 1019 2064 et
1049 2022 1116 2074 31,
1134 2022 1178 2064 4:
1221 2023 1372 2063 libente
1414 2020 1578 2076 GLC'H)

56 2110 83 2137 u
112 2095 216 2138 illud
245 2096 471 2139 restituere.
489 2096 698 2150 —Magis
729 2096 770 2138 in
799 2097 918 2139 dubio
948 2099 1098 2149 manet,
1129 2099 1268 2140 utrum
1289 2099 1370 2150 4,4
1400 2112 1580 2152 coquo-

57 2174 258 2214 tissima
289 2187 313 2214 o
344 2172 528 2215 breviata
551 2172 605 2214 sit
627 2172 893 2223 retinendum,
926 2185 977 2213 an
1001 2174 1288 2225 coynitissima
1312 2172 1578 2216 scribendum.
1645 2180 1655 2185 “

57 2247 168 2294 Mihi
203 2247 388 2302 equidem
420 2260 468 2290 ex
497 2246 686 2301 analogia
727 2246 830 2288 illud
861 2246 1021 2288 videtur
1052 2246 1219 2308 defendi.
1242 2259 1369 2300 posse.
1429 2247 1580 2290 Extant

57 2321 166 2364 enim
195 2322 349 2365 formae
380 2329 556 2376 aqnotus
587 2324 627 2365 et
658 2328 884 2375 aynoturus
917 2321 984 2377 (cf.
1002 2321 1123 2363 Neuii
1154 2334 1214 2375 gr.
1239 2322 1283 2363 L.
1306 2321 1348 2363 II
1378 2334 1445 2376 pg.
1462 2322 1578 2377 433).

58 2397 191 2450 Quare
221 2397 280 2440 ita
311 2398 572 2441 statuendum
602 2397 680 2440 erit
711 2397 759 2439 de
788 2396 870 2439 1110.
916 2395 1119 2438 Primaria
1150 2397 1190 2438 et
1220 2396 1423 2450 antiquior
1451 2397 1581 2440 forma

59 2475 148 2518 erat
178 2473 512 2528 coquetis-suma,
545 2473 637 2516 inde
668 2487 692 2515 o
721 2472 906 2516 breviata
936 2473 1025 2514 orta
1055 2473 1118 2514 est
1146 2471 1246 2514 haec
1277 2465 1580 2525 coqnbtissuma

59 2549 124 2592 vel
154 2551 276 2602 -ima,
308 2551 396 2592 tum
419 2549 506 2591 oin
537 2552 551 2591 ι’
581 2550 742 2591 mutata
764 2550 1051 2602 coqnitissima
1083 2546 1151 2603 (cf.
1185 2547 1416 2590 Corssenius
1450 2547 1580 2590 Ueber

59 2625 243 2680 Ausspr„
275 2626 370 2669 Voc.
404 2639 442 2667 u.
474 2626 564 2668 Bet.
597 2625 667 2666 der
695 2624 768 2666 lat.
801 2624 890 2677 Spr.
923 2624 942 2664 1
972 2635 1040 2677 pg.
1072 2622 1190 2678 372).
1225 2645 1276 2652 -
1311 2623 1348 2664 Ε
1377 2621 1579 2676 antiquior

59 2714 131 2755 pro
173 2704 188 2743 i
231 2702 391 2744 servata
434 2702 496 2742 est
542 2699 582 2741 in
629 2701 853 2740 derecta
896 2699 981 2753 (22,
998 2697 1043 2754 8)
1085 2710 1156 2752 pro
1197 2700 1357 2740 detecta
1398 2699 1578 2740 codicum
