1716 3164
807 279 1065 320 ..8-

188 409 274 437 mus
305 407 374 448 pro
404 395 534 445 labor,
565 405 664 447 quae
694 392 852 445 quidem
884 391 1009 433 forma
1031 389 1135 442 apud
1157 387 1398 441 antiquiores
1415 385 1679 429 usitatissima

186 468 291 523 apud
328 467 538 522 scriptores
568 466 776 521 Augustae
806 464 950 507 aetatis
981 462 1102 505 semel
1138 462 1296 504 tantum
1326 459 1527 502 invenitur
1555 459 1677 514 Verg.

187 541 285 584 Aen.
317 540 375 582 VI
418 540 514 592 277,
556 552 631 593 quo
671 539 755 581 loco
794 538 922 580 Labos
962 535 1096 578 divina
1140 535 1268 590 specie
1313 534 1475 576 indutus
1514 532 1680 587 apparet
1710 545 1712 547 ’

188 614 253 669 (cf.
284 613 403 657 Neuii
431 626 491 668 gr.
523 614 567 655 L.
585 613 606 654 Ι
626 624 694 666 pg.
714 612 823 663 169).
869 610 1067 653 Exhibent
1097 622 1188 652 vero
1218 608 1303 651 loco
1333 607 1496 649 laudato
1531 604 1679 649 Catulli
1712 626 1716 663 3

187 688 289 732 illud
318 688 446 739 labos,
478 687 581 741 quod
610 686 769 741 propter
790 686 963 727 metrum
985 682 1251 726 necessarium
1272 682 1345 733 est,
1376 679 1499 723 etiam
1528 677 1680 722 codices

187 774 321 805 omnes
349 761 507 816 praeter
538 761 613 801 D¹.
1714 800 1716 803 ,

300 834 397 876 Inde
426 834 500 876 hoc
530 833 720 874 turben
749 844 820 887 pro
850 831 968 873 turbo
998 829 1179 874 Catullus
1208 828 1315 871 solus
1355 827 1456 870 dixit
1485 826 1552 879 64,
1587 826 1679 870 107.

188 908 236 951 Id
274 907 379 950 enim
417 907 501 950 loco
540 906 701 948 laudato
741 905 1031 948 restituendum
1071 916 1155 945 esse
1194 915 1284 944 cum
1314 899 1525 955 Spengelio
1564 898 1681 943 facile

189 982 438 1037 intellegitur
468 981 516 1023 cl.
548 980 684 1024 Servio
714 979 765 1021 ad
802 978 902 1021 Aen.
933 977 1013 1020 VII
1043 975 1147 1019 378:
1190 974 1396 1026 „Catullus
1434 973 1509 1016 hoc
1538 973 1681 1016 turben
1709 966 1716 969 ’

189 1055 287 1098 dicit
315 1056 361 1097 ut
388 1055 462 1097 hoc
477 1056 674 1104 carmen“,
706 1064 826 1106 quam
854 1051 906 1094 ad
935 1063 1018 1093 rem
1048 1049 1286 1092 firmandam
1315 1049 1550 1090 indomitum
1579 1045 1682 1089 illud

189 1129 331 1170 turben
359 1126 593 1182 praecedens
622 1125 664 1167 in
693 1125 776 1168 cod.
810 1125 873 1166 111
903 1123 1000 1180 facit
1030 1123 1095 1178 (cf.
1112 1123 1232 1166 Neuii
1261 1135 1324 1178 gr.
1345 1122 1390 1164 L.
1421 1121 1442 1163 I
1470 1133 1536 1176 pg.
1569 1119 1679 1175 163).

189 1200 338 1244 Eadem
367 1213 459 1243 vero
498 1199 602 1243 ratio
641 1200 701 1242 est
740 1210 838 1252 quae
869 1197 912 1239 in
939 1197 1014 1239 hoc
1042 1210 1246 1250 sanyuen,
1288 1195 1392 1250 quod
1430 1193 1536 1248 apud
1574 1193 1681 1236 anti-

189 1272 398 1328 quissimos
439 1272 660 1316 invenimus
699 1284 770 1327 pro
808 1284 874 1324 eo,
916 1270 1020 1325 quod
1058 1270 1196 1324 postea
1233 1267 1543 1312 usitatissimum
1581 1268 1680 1319 erat,

189 1348 372 1399 sanquis,

218 1419 222 1423 ’
301 1418 513 1462 Genetivos
552 1417 893 1460 substantivorum
931 1415 974 1457 in
1014 1417 1079 1457 ius
1110 1415 1174 1458 vel
1213 1417 1294 1457 ium
1330 1413 1558 1457 exeuntium
1587 1413 1681 1456 ante

190 1491 366 1546 Augusti
395 1491 569 1534 aetatem
590 1503 743 1544 semper
770 1501 849 1532 una
878 1489 1037 1531 tantum
1068 1490 1084 1530 i
1114 1487 1247 1531 finitos
1277 1500 1362 1530 esse
1391 1487 1491 1530 satis
1512 1487 1682 1538 constat,

190 1577 309 1619 quam
346 1564 527 1619 regulam
566 1563 670 1606 inter
708 1575 774 1606 eos
822 1562 890 1616 qui
929 1562 1195 1616 sequebantur
1237 1552 1361 1603 etiam
1397 1560 1601 1617 Vergilius
1641 1561 1683 1603 et

191 1637 381 1680 Horatius
421 1637 690 1679 servaverunt.
759 1636 915 1678 Horum
960 1635 1207 1689 aliorumque
1246 1635 1425 1689 exempla
1463 1634 1684 1689 composuit

191 1711 341 1753 Neuius
370 1724 430 1766 gr.
462 1711 504 1753 L.
537 1711 558 1752 I
587 1723 652 1765 pg.
685 1711 739 1754 86
769 1722 827 1763 sq.
859 1708 925 1763 (cf.
957 1708 1121 1750 Lachm.
1153 1708 1204 1750 ad
1233 1708 1349 1750 Lucr.
1379 1719 1447 1762 pg.
1480 1709 1564 1750 326
1594 1707 1684 1762 sq.).

190 1785 326 1827 Etiam
364 1784 703 1826 substantivorum
743 1783 984 1826 Graecorum
1023 1782 1227 1837 genetivos
1266 1781 1309 1823 in
1337 1782 1515 1824 vocalem
1542 1782 1559 1822 i
1588 1780 1685 1822 sim-

192 1857 335 1912 plicem
365 1858 548 1899 exeuntes
587 1857 805 1910 probarunt
843 1855 1044 1907 nonnulli,
1082 1854 1125 1896 in
1153 1854 1296 1908 quibus
1327 1854 1508 1897 Catullus
1538 1854 1684 1905 noster,

193 1930 303 1973 cuius
332 1929 410 1971 huc
437 1930 638 1983 pertinent
678 1930 856 1983 exempla
896 1931 936 1972 et
964 1928 1110 1971 Latina
1139 1929 1179 1971 et
1209 1928 1361 1971 Graeca
1399 1927 1574 1982 primum
1603 1927 1684 1970 tria

193 2002 380 2045 carminis
421 2003 475 2046 64
514 2016 550 2047 v.
591 2004 673 2046 282
714 2004 939 2054 Favoni,
983 2015 1021 2045 v.
1062 2002 1145 2045 278
1186 2003 1302 2044 Peli
1349 2002 1497 2045 montis
1554 2003 1687 2053 (Pelei

195 2075 398 2129 scriptum,
430 2075 477 2117 de
506 2087 582 2130 quo
612 2075 661 2118 cf.
692 2076 796 2118 infra
824 2076 928 2130 part.
945 2072 1036 2130 VI),
1066 2088 1104 2118 v.
1133 2074 1189 2117 49
1220 2076 1465 2129 conchyli,
1495 2074 1587 2117 inde
1617 2075 1684 2127 67,

195 2148 250 2191 35
282 2149 478 2190 Corneli
511 2149 617 2190 recte
646 2147 705 2190 ita
734 2148 775 2190 in
799 2147 998 2191 codicibus
1022 2147 1187 2190 tradita.
1235 2148 1387 2201 Quibus
1416 2148 1536 2191 metri
1565 2160 1686 2190 causa

195 2221 375 2263 addenda
390 2221 483 2263 sunt
498 2233 521 2262 a
531 2220 726 2263 librorum
741 2221 881 2264 scribis
898 2222 1082 2276 corrupta
1097 2223 1164 2274 26,
1181 2223 1208 2265 2
1224 2222 1406 2264 Favoni
1419 2221 1606 2276 (codd.—
1618 2219 1684 2276 ii),

195 2292 308 2345 39,4
337 2294 437 2346 fili
466 2293 591 2347 (codd.
622 2317 677 2324 —
706 2293 767 2348 ii),
807 2293 874 2346 63,
893 2294 949 2337 64
977 2297 1196 2348 gymnasi
1229 2294 1304 2351 (sic
1333 2297 1375 2337 Η
1402 2318 1452 2325 ——
1483 2297 1687 2350 qymnasti

197 2368 305 2410 GLC
329 2367 484 2420 qinasii
513 2365 622 2419 D¹);
652 2367 701 2410 cf.
732 2368 776 2410 F.
807 2368 1024 2410 Buecheler
1054 2367 1102 2410 de
1132 2368 1273 2411 declin.
1302 2368 1374 2411 lat.
1405 2381 1472 2423 pg.
1504 2369 1572 2412 37.

309 2441 541 2482 Herculei
569 2441 637 2492 55,
658 2442 708 2484 13
744 2441 779 2483 si
808 2441 871 2484 cui
900 2441 1147 2496 genetivum,
1177 2453 1277 2494 non,
1309 2441 1412 2496 quod
1440 2441 1604 2484 Lachm.
1634 2442 1687 2484 ad

197 2512 310 2554 Lucr.
350 2524 417 2567 pg.
449 2512 532 2555 246
562 2512 615 2554 in.
647 2512 782 2565 docet,
824 2514 1005 2557 dativum
1034 2527 1118 2557 esse
1154 2527 1244 2557 cum
1273 2515 1490 2570 Doeringio
1535 2515 1685 2570 (annot.

198 2585 249 2628 ad
287 2586 326 2629 h.
357 2586 414 2639 v.)
452 2586 619 2641 probare
656 2587 808 2641 placet,
857 2587 1022 2630 minime
1059 2589 1195 2631 tamen
1234 2588 1433 2631 laudanda
1471 2590 1532 2631 est
1569 2587 1687 2631 huius

199 2658 312 2711 ratio,
343 2659 556 2701 secundum
571 2672 691 2713 quam
708 2661 898 2702 Herculei
926 2673 972 2703 ex
989 2662 1212 2704 Herculeus
1225 2661 1470 2706 nominativo
1486 2661 1688 2705 descendit

200 2734 246 2775 ut
274 2733 450 2775 Achillei
493 2734 534 2776 et
578 2734 717 2775 Ulixei
759 2747 805 2777 ex
845 2734 1052 2776 Achilleus
1097 2736 1138 2778 et
1181 2737 1362 2779 Ulixem.
1436 2735 1538 2780 Sunt
1580 2734 1687 2779 enim
