1716 3164
790 201 1069 244 ...12-

181 313 321 367 quibus
366 311 507 367 optimi
553 313 704 356 codices
749 315 787 355 is
831 313 916 362 (vel
961 315 1048 363 eis)
1092 312 1300 364 exhibent,
1346 312 1408 354 vel
1445 325 1488 355 ex
1530 310 1672 366 quibus

181 386 353 430 codicem
384 388 648 430 Veronensem
688 391 725 430 is
765 389 952 431 habuisse
991 388 1185 439 efficitur,
1224 399 1469 441 componere.
1528 387 1601 438 En,
1630 385 1674 430 hi

180 463 284 504 sunt.
353 461 413 503 Ac
456 462 629 515 primum
673 463 832 516 quidem
878 463 918 504 in
966 461 1142 503 medium
1187 461 1384 515 proferam
1428 460 1674 504 accusativos

180 535 459 577 vocabulorum
480 535 664 589 genetivo
695 535 860 589 pluralis
891 535 931 577 in
962 538 1043 578 ium
1072 535 1311 586 exeuntium,
1342 533 1383 576 in
1404 533 1546 588 quibus
1565 533 1673 577 haud

180 608 394 662 quidquam
424 608 528 651 inest
556 608 792 651 offensionis.
838 609 1053 651 Nominum
1085 607 1427 650 substantivorum
1456 607 1672 650 accusativi

179 682 221 723 hi
252 683 365 724 sunt:
397 683 464 733 33,
488 682 511 724 7
542 685 694 724 natis
737 686 883 732 (nates
912 684 1012 734 D¹),
1044 683 1183 734 66,12
1215 683 1356 736 sinis
1397 681 1672 734 (finesDH)‚

179 755 343 806 64,170
372 757 547 806 auris,
578 755 644 806 64,
663 755 745 797 233
776 757 939 798 collis
969 757 1115 806 (colles
1138 756 1212 806 H),
1257 753 1369 806 97‚5
1400 754 1581 795 dentis
1612 751 1670 807 (in

181 828 292 870 codd.
339 828 542 881 omnibus,
589 829 657 871 sed
702 830 893 872 vocabula
937 841 1036 882 quae
1085 828 1324 870 antecedunt
1369 827 1409 869 et
1452 827 1669 880 sequuntur

179 902 363 955 corrupta
407 901 531 957 sunt).
591 903 678 944 Iam
723 903 774 944 ad
817 903 1014 945 adiectiva
1057 903 1318 952 transeamus,
1364 912 1530 954 quorum
1573 900 1670 942 haec

178 974 277 1016 mihi
321 975 519 1028 composui
563 976 762 1030 exempla:
809 976 891 1027 2,4
936 978 1108 1027 acris,
1154 975 1264 1026 2,10
1308 976 1520 1024 tristis,
1558 972 1671 1025 51,5

178 1049 309 1088 omni
319 1062 362 1098 s,
407 1048 510 1101 quod
540 1049 606 1099 68,
624 1050 678 1091 26
708 1050 815 1091 solus
844 1051 882 1090 D
912 1050 1030 1091 codex
1060 1049 1232 1103 exhibet,
1262 1049 1328 1099 64,
1347 1049 1430 1091 302
1459 1048 1670 1101 iugalis

175 1122 363 1173 (iuqales
393 1122 429 1161 D
455 1122 537 1172 H),
583 1121 648 1172 64,
666 1122 748 1164 262
779 1124 974 1173 tenuis,
1008 1123 1074 1173 68,
1093 1123 1146 1165 76
1178 1124 1469 1173 caelestis,
1501 1122 1668 1173 68,102
1710 1125 1716 1179 ξ

173 1196 484 1246 penetralis
524 1197 780 1247 (penetrales
809 1196 890 1247 D),
936 1196 1046 1246 623
1089 1197 1314 1248 pinquis
1349 1196 1406 1244 (Τ
1433 1195 1471 1235 ΙΙ
1494 1196 1669 1247 pinques

176 1266 328 1322 ceteri),
360 1267 426 1319 64,
442 1268 524 1310 407
555 1271 708 1320 talis,
740 1268 805 1320 65,
824 1270 850 1311 3
881 1270 1059 1311 dulcis
1091 1272 1298 1311 Musarum
1329 1267 1391 1322 (ex
1407 1269 1668 1309 dulcissimus
1712 1262 1716 1298 ²?

174 1341 432 1390 (dulcissimo
451 1342 510 1389 H)
539 1343 679 1382 harum
706 1344 886 1393 GLCH),
921 1345 1051 1394 101,8
1077 1346 1243 1385 tristis
1272 1344 1410 1393 (tristi
1441 1343 1583 1384 G'LCH
1603 1346 1664 1395 p),
1710 1342 1716 1383 i

176 1413 243 1464 97,
264 1414 291 1456 5
329 1417 743 1467 sesquipedalis
782 1425 847 1462 (ex
887 1417 1064 1459 codicum
1103 1416 1300 1470 scriptura
1338 1417 1524 1469 corrupta
1560 1417 1667 1459 recte

176 1487 417 1538 restitutum,
447 1487 490 1529 in
519 1489 662 1542 quibus
692 1490 874 1532 omnibus
903 1491 1126 1544 postremae
1156 1491 1262 1532 certe
1292 1489 1470 1543 syllabae
1486 1513 1539 1519 —-
1557 1490 1669 1531 dalis

174 1557 347 1614 insunt);
379 1560 544 1614 denique
567 1562 632 1613 64,
650 1563 730 1605 391
749 1565 940 1604 euantis
972 1562 1098 1613 (cuius
1114 1563 1155 1604 in
1174 1551 1394 1605 litteris—
1410 1565 1518 1605 antis
1532 1576 1667 1606 omnes

175 1632 269 1674 libri
314 1632 489 1688 (praeter
519 1639 584 1687 H,
622 1635 689 1689 qui
729 1636 958 1676 errantibus
997 1634 1136 1689 habet)
1179 1635 1418 1690 congruunt)
1458 1637 1498 1678 et
1528 1635 1594 1688 64,
1612 1637 1667 1679 65

174 1706 458 1749 lactantis.
518 1707 576 1750 At
614 1708 736 1750 etiam
776 1708 1066 1750 nominativum
1105 1709 1272 1762 pluralis
1308 1722 1423 1763 saepe
1452 1709 1600 1752 litteris
1629 1712 1667 1752 is

175 1779 434 1822 terminatum
471 1793 554 1822 esse
584 1783 740 1824 constat
785 1782 860 1835 (ita
889 1782 1015 1823 Varro
1045 1781 1071 1823 1.
1103 1782 1147 1823 L.
1178 1782 1280 1823 VIII
1310 1782 1365 1825 63
1409 1783 1484 1824 hae
1510 1796 1666 1836 puppes

175 1853 215 1894 et
239 1855 412 1906 puppis,
451 1854 526 1895 hae
565 1860 695 1895 restes
724 1855 765 1897 et
794 1857 918 1896 restis
956 1854 999 1896 in
1027 1869 1101 1897 usu
1132 1868 1216 1898 esse
1246 1855 1381 1909 dicit),
1418 1857 1522 1910 quod
1550 1869 1665 1911 prae-

175 1925 287 1979 cipue
316 1925 424 1968 valet
466 1925 508 1967 in
551 1927 754 1970 vocabulis
798 1927 982 1982 genetivo
1026 1929 1194 1982 pluralis
1231 1928 1273 1969 in
1309 1931 1389 1970 ium
1420 1929 1662 1972 cadentibus.

173 1999 378 2042 Eiusmodi
399 2001 620 2054 exemplum
649 2001 842 2043 habemus
873 2002 939 2052 64,
957 2001 1039 2056 276
1070 2003 1372 2054 linquentis
1404 2000 1462 2056 (in
1483 2002 1665 2045 omnibus

174 2072 282 2115 codd.
312 2074 469 2126 praeter
513 2074 587 2115 DC
611 2087 659 2126 p,
705 2074 773 2127 qui
812 2076 1037 2127 linquentes
1075 2072 1258 2128 habent).
1326 2074 1462 2117 Etiam
1500 2075 1664 2117 eandem

174 2146 450 2189 formationem
479 2147 683 2189 vocativus
714 2147 881 2200 pluralis
911 2148 1075 2201 praebet
1095 2148 1162 2199 62,
1183 2149 1232 2190 11
1255 2151 1483 2202 aequalis
1512 2150 1664 2203 (omnes

173 2219 297 2271 codd,
328 2219 449 2262 etiam
483 2220 537 2269 T)
580 2222 620 2263 et
649 2220 823 2262 eiusdem
853 2221 1040 2263 carminis
1069 2234 1106 2263 v.
1138 2221 1206 2272 32,
1245 2221 1314 2264 ubi
1343 2222 1428 2264 cod.
1463 2223 1495 2264 T
1521 2223 1663 2265 saltem

173 2294 422 2345 aequalis
456 2293 616 2336 exhibet
652 2295 872 2348 (aequales
902 2297 935 2337 L
965 2296 1186 2348 aequales*
1206 2297 1239 2337 G
1269 2298 1480 2349 aequalem
1516 2296 1661 2350 DCH).

172 2365 238 2408 Ita
265 2365 338 2407 hoc
366 2365 451 2408 loco
480 2367 521 2408 et
541 2378 597 2417 eo,
629 2379 744 2420 quem
766 2380 883 2421 supra
901 2367 1163 2420 laudavimus,
1195 2369 1262 2420 62,
1280 2369 1307 2411 3
1336 2370 1438 2412 liber
1452 2371 1663 2413 Thuaneus

172 2438 433 2493 antiquiorem
463 2440 701 2494 scripturam
730 2440 843 2482 nobis
874 2440 1030 2483 videtur
1059 2453 1293 2484 asservasse.

285 2513 419 2567 Magis
450 2514 686 2556 offendimus
716 2513 758 2555 in
787 2514 1014 2556 accusativo
1044 2515 1274 2556 hominis
1306 2513 1392 2570 (10,
1411 2515 1492 2569 16),
1524 2514 1591 2569 qui
1621 2515 1662 2557 in

171 2585 352 2628 omnibus
383 2587 488 2629 inest
516 2587 736 2638 codicibus,
768 2586 910 2641 quippe
940 2588 1006 2640 qui
1037 2601 1112 2630 non
1143 2602 1187 2630 ex
1217 2589 1350 2631 radice
1380 2589 1421 2631 in
1452 2591 1467 2630 i
1497 2590 1661 2631 exeunte

172 2657 393 2702 descendat.
454 2660 593 2713 Itaque
623 2659 787 2702 dubium
817 2662 889 2712 est,
921 2663 1055 2703 utrum
1085 2662 1158 2704 hoc
1187 2664 1303 2716 poeta
1332 2662 1416 2716 ipse
1445 2662 1659 2716 scripserit,
