1716 3164
800 190 1060 229 aa„

186 307 269 347 vius
299 304 624 358 generedicendi
664 306 704 344 et
743 304 828 344 arte
870 305 953 343 tum
992 301 1150 343 demum
1193 298 1357 341 iudicari
1389 298 1556 352 poterit,
1587 311 1676 341 cum

186 380 365 433 singula,
397 378 540 431 quibus
570 389 594 418 a
623 375 749 430 poetis
779 387 875 429 quos
906 374 1044 416 dicunt
1073 373 1251 415 classicis
1282 372 1428 423 differt,
1459 371 1678 426 composita

186 455 311 496 erunt.
372 452 619 505 Quapropter
648 461 787 503 operae
816 449 988 503 pretium
1018 447 1119 489 mihi
1149 446 1279 490 visum
1309 447 1395 498 est,
1426 446 1503 489 hac
1532 445 1678 488 disser-

188 527 336 570 tatione
366 538 411 568 ea
441 525 635 579 proferre,
676 535 775 577 quae
815 522 862 564 de
893 520 1042 564 Catulli
1078 521 1165 562 arte
1204 518 1471 574 grammatica
1507 519 1679 563 maxime

187 601 286 644 mihi
317 599 401 642 visa
430 600 523 640 sunt
541 598 676 651 digna,
707 609 806 650 quae
825 595 1161 649 componerentur.
1206 592 1464 646 Quaestiones
1493 593 1679 636 metricas

187 677 227 718 et
275 673 523 728 prosodiacas
567 671 745 715 consulto
789 670 840 712 ab
884 669 934 711 iis
978 667 1144 721 seiunxi
1227 667 1275 709 In
1318 666 1402 709 illis
1450 680 1543 710 vero
1592 679 1679 710 eam
1714 682 1716 685 ¹

187 747 346 802 quidem
399 746 607 801 praecipue
655 746 814 787 secutus
858 755 945 785 sum
989 741 1207 794 rationem,
1257 743 1304 785 ut
1346 753 1393 784 ea
1440 754 1679 794 enarrarem,

189 821 330 875 quibus
383 819 604 873 antiquiore
663 819 818 860 servato
873 829 946 858 usu
1002 815 1184 858 Catullus
1239 827 1264 857 a
1316 815 1443 870 poetis
1497 815 1682 871 Augusto

187 893 419 948 aequalibus
464 893 618 944 differt,
664 891 731 946 qui
775 891 934 945 quidem
977 888 1112 933 odium
1152 890 1473 943 contemtumque
1503 891 1681 933 veterum

182 967 495 1022 dactyficorum,
526 966 671 1007 nedum
701 964 969 1008 scaenicorum
1007 975 1102 1017 prae
1142 975 1184 1005 se
1222 962 1377 1014 ferunt;
1407 975 1502 1006 nam
1530 964 1681 1018 poetae,

189 1042 257 1094 qui
287 1041 377 1082 inde
407 1053 430 1082 a
454 1039 604 1082 Tiberii
626 1040 758 1081 aetate
786 1037 1062 1092 provenerunt,
1093 1035 1144 1078 ad
1173 1035 1418 1090 antiquiores
1445 1036 1537 1079 illos
1567 1049 1684 1091 saepe

190 1116 454 1165 recesserunt,
496 1113 699 1164 Laevium,
730 1113 962 1162 Varronem,
1003 1110 1103 1152 alios
1142 1108 1276 1163 potius
1314 1121 1435 1163 quam
1467 1109 1684 1153 Horatium

190 1189 327 1231 secuti.
399 1187 600 1230 Nonnulla
645 1185 767 1229 etiam
806 1185 966 1228 uberius
1014 1182 1190 1238 exposita
1235 1183 1352 1235 sunt,
1398 1195 1498 1236 quae
1545 1184 1685 1237 poetae

189 1264 322 1306 nostro
361 1274 451 1302 cum
491 1261 699 1315 Augustae
738 1259 884 1302 aetatis
926 1257 1055 1312 poetis
1095 1256 1320 1299 communia
1357 1257 1472 1308 sunt,
1522 1257 1563 1299 et
1610 1257 1685 1300 hoc

191 1334 349 1388 quidem
380 1346 468 1375 eam
497 1333 546 1376 ob
576 1344 759 1383 causam,
802 1331 906 1385 quod
935 1330 1184 1385 quaestiones
1212 1329 1308 1372 illae
1338 1342 1430 1372 cum
1458 1329 1550 1373 aliis
1579 1329 1685 1373 eius-

190 1409 280 1450 dem
309 1407 465 1462 generis
494 1406 644 1448 arctius
675 1405 897 1457 cohaerent,
929 1406 970 1447 et
998 1405 1045 1446 ut
1074 1402 1224 1446 Catulli
1253 1415 1378 1457 genus
1408 1402 1565 1446 dicendi
1593 1402 1686 1445 inde

189 1479 428 1523 luculentius
469 1480 671 1534 appareat.
732 1478 845 1531 Quod
882 1479 928 1520 ut
969 1477 1011 1519 in
1050 1476 1141 1519 aliis
1177 1476 1236 1519 ita
1264 1476 1474 1531 praecipue
1501 1476 1613 1519 valet
1642 1475 1683 1518 in

193 1554 488 1607 quaestionibus
506 1552 836 1607 orthographicis,
859 1564 956 1605 quas
977 1551 1051 1594 sub
1073 1551 1193 1594 finem
1214 1550 1505 1594 dissertationis
1522 1549 1684 1605 protuli.

194 1627 257 1668 Ad
287 1639 333 1668 ea
362 1639 453 1668 vero
489 1638 588 1679 quae
627 1625 767 1679 scripsi
811 1625 1079 1678 componenda
1121 1625 1294 1668 maximo
1337 1625 1438 1667 mihi
1482 1623 1685 1667 commodo

194 1699 352 1742 fuerunt
388 1699 482 1741 libri
520 1699 629 1741 hice:
674 1699 719 1740 F.
750 1698 870 1740 Neuii
913 1697 1180 1752 grammatica
1218 1697 1385 1749 Latina,
1425 1698 1470 1740 L.
1500 1697 1686 1740 Muelleri

195 1772 289 1814 libri
320 1773 367 1813 de
396 1785 439 1814 re
468 1771 635 1814 metrica
663 1772 871 1825 poetarum
900 1770 1147 1823 Latinorum,
1178 1784 1225 1814 ea
1253 1783 1353 1825 quae
1381 1771 1426 1813 F.
1442 1770 1686 1813 Bitschelius

196 1846 308 1888 nobis
348 1845 390 1887 in
429 1845 574 1887 scholis
613 1845 660 1886 de
699 1845 786 1886 arte
829 1844 1096 1898 grammatica
1134 1846 1404 1887 Romanorum
1442 1857 1545 1887 anno
1582 1845 1622 1888 h.
1653 1857 1685 1886 s.

196 1919 310 1960 LXII
350 1920 389 1960 et
434 1919 568 1960 LXIII
612 1919 771 1960 Bonnae
826 1917 976 1960 habitis
1015 1917 1195 1960 tradidit.
1242 1941 1299 1948 —-
1345 1918 1405 1960 Ex
1448 1917 1688 1979 editionibus

198 1992 434 2035 Catullianis
463 1993 620 2045 praeter
648 1992 1014 2034 Lachmannianam
1043 1992 1298 2046 potissimum
1320 1991 1518 2035 Schwabii
1546 1991 1688 2034 editio-

197 2078 287 2107 nem
317 2065 473 2118 (Gissae
502 2065 828 2119 MDCCOLXVI)
869 2067 1026 2108 secutus
1066 2078 1155 2108 sum
1200 2065 1339 2107 eadem
1366 2065 1521 2108 ratione
1549 2064 1690 2107 critica

199 2138 415 2191 iisdemque
456 2137 560 2180 notis
604 2138 655 2180 ad
703 2138 854 2180 codices
893 2139 1158 2193 designandos
1196 2150 1303 2181 usus.
1362 2136 1691 2181 Luculentissime

199 2211 303 2252 enim
333 2211 561 2254 Schwabius
591 2211 634 2252 in
671 2212 870 2265 prooemio
912 2212 994 2255 ind.
1026 2213 1148 2256 schol.
1180 2212 1347 2266 Dorpat.
1378 2223 1415 2254 a.
1444 2212 1486 2254 h.
1517 2224 1550 2254 s.
1581 2211 1690 2254 LXV

203 2285 243 2325 et
271 2284 363 2325 inde
402 2283 444 2324 in
484 2283 727 2337 praefatione
766 2283 951 2327 editionis
988 2285 1071 2328 iam
1109 2286 1294 2328 laudatae
1324 2285 1474 2337 docuit,
1504 2275 1595 2328 eum
1624 2283 1692 2339 qui

201 2356 356 2399 Catullo
386 2356 619 2399 recensendo
648 2369 808 2410 operam
838 2358 927 2410 det,
958 2358 1104 2401 codicis
1134 2358 1488 2414 Sangermanensis
1517 2357 1691 2402 auctori-

201 2432 285 2472 tate
314 2430 484 2473 maxime
514 2431 735 2483 sublevari,
767 2431 910 2486 quippe
939 2432 1006 2485 qui
1035 2434 1144 2475 recta
1173 2432 1240 2475 via
1268 2445 1314 2475 ex
1344 2432 1561 2475 Veronensi
1589 2431 1693 2474 libro

203 2505 342 2547 ductus
373 2506 413 2547 et
442 2518 466 2546 a
494 2505 659 2548 librario
688 2505 873 2559 prudenti
903 2507 944 2548 et
973 2505 1161 2560 diligenti
1196 2505 1368 2560 scriptus
1397 2506 1464 2549 sit.
1524 2505 1622 2548 Inde
1650 2505 1693 2547 in

203 2578 375 2620 carmine
410 2580 464 2621 62
503 2579 677 2621 maxima
720 2579 902 2621 habenda
945 2581 1007 2622 est
1049 2579 1147 2622 fides
1190 2579 1315 2623 codici
1354 2579 1563 2630 Thuaneo,
1609 2580 1694 2622 toto

205 2651 354 2702 Catulli
399 2652 501 2694 libro
544 2654 702 2705 praeter
745 2653 835 2695 illos
875 2653 1054 2705 Datano,
1107 2653 1211 2696 libro
1253 2653 1459 2695 Laurentii
1502 2652 1694 2705 Santonii,
