1716 3164
1687 0 1716 214 i

222 297 263 336 et
284 308 361 347 quo
382 295 422 336 et
443 308 521 350 qua
542 293 692 336 formis
710 295 789 336 abl.
807 295 908 348 sing.
927 296 1075 346 utatur,
1099 296 1172 344 2,2
1194 294 1362 337 formam
1385 297 1582 350 quicum
1605 295 1711 339 anti-

217 366 392 420 quiorem
423 367 608 409 exhibent
648 367 742 409 libri
782 380 849 422 pro
881 382 1072 422 quocum,
1105 370 1171 418 66,
1190 369 1241 411 77
1273 380 1343 421 pro
1374 381 1566 421 quacum,
1598 369 1710 411 cuius

216 440 335 482 etiam
367 440 545 493 exempla
575 440 702 482 multa
731 439 812 483 alia
842 441 946 494 apud
976 441 1178 492 Plautum,
1197 441 1435 495 Vergilium,
1467 440 1708 494 Ciceronem,

214 513 312 558 alios
357 513 577 556 invenimus
610 512 676 568 (cf.
708 513 826 554 Neuii
857 526 916 566 gr.
948 514 991 556 L.
1024 514 1063 555 11
1094 526 1158 568 pg.
1195 515 1275 557 166
1304 512 1401 568 sq.).
1465 516 1592 564 Quis
1629 515 1710 558 abl.

215 586 316 639 plur.
349 599 418 640 pro
458 587 605 642 quibus
645 587 754 628 extat
794 587 859 637 68,
881 587 952 638 13;
994 588 1059 638 64,
1079 589 1134 630 80
1164 589 1204 630 et
1237 588 1339 639 145,
1383 599 1458 641 quo
1489 588 1574 630 loco
1605 588 1647 629 in
1675 589 1710 630 G

213 671 330 711 super
360 661 449 712 quis
487 671 627 701 manus
667 660 860 702 recentior
890 661 1051 715 scripsit
1084 675 1162 714 pro
1201 662 1358 714 quibus.
1420 661 1599 704 Utuntur
1634 661 1710 703 hac

213 731 381 775 ablativi
425 732 551 774 forma
594 732 847 788 potissimum
881 735 1019 786 Varro,
1066 734 1303 785 Sallustius,
1349 734 1508 787 Livius,
1546 735 1709 778 Tacitus

215 805 384 861 (Neuius
413 805 441 848 l.
471 805 500 848 1.
532 818 596 859 pg.
632 807 712 848 170
750 808 791 849 et
826 807 936 863 171).
995 809 1048 850 Et
1087 808 1170 850 illis
1210 807 1307 850 locis
1347 809 1483 850 utrum
1524 807 1707 851 Catullus

213 881 302 933 quis
331 890 382 920 an
411 880 527 931 queis
556 879 761 932 scripserit
790 880 955 922 dubium
986 882 1059 923 est.

324 951 465 1005 Magni
495 952 686 994 momenti
710 953 811 996 illud
841 955 912 1005 est,
944 953 1048 1007 quod
1071 954 1253 996 Catullus
1284 954 1351 1004 66,
1370 954 1423 996 28
1453 954 1581 996 forma
1602 953 1709 996 anti-

211 1024 346 1077 quiore
386 1026 483 1066 alis
523 1026 670 1077 utitur,
711 1039 832 1080 quam
861 1028 935 1070 hoc
969 1028 1053 1069 loco
1084 1040 1218 1069 omnes
1248 1028 1440 1080 praebent
1472 1027 1637 1079 codices,
1668 1029 1710 1069 et

211 1099 277 1149 29,
301 1099 352 1140 15
382 1100 521 1141 neutro
552 1101 689 1151 alid,
721 1101 824 1155 quod
854 1101 984 1143 Statio
1014 1101 1179 1142 debetur
1211 1099 1306 1156 (alit
1335 1102 1495 1142 GLCH
1505 1115 1532 1154 p
1563 1103 1622 1142 ait
1643 1102 1706 1142 D·

211 1170 261 1212 cf.
293 1170 454 1212 Lachm.
498 1171 550 1214 ad
588 1172 702 1215 Lucr.
733 1185 799 1228 pg.
833 1172 950 1229 286).
1008 1173 1069 1215 Ac
1107 1173 1214 1226 prior
1253 1175 1412 1227 quidem
1451 1174 1580 1217 forma
1620 1187 1708 1217 ma-

211 1243 352 1286 sculini
374 1246 530 1299 praeter
550 1246 731 1287 nostrum
753 1247 883 1288 locum
914 1259 1017 1288 nunc
1046 1259 1124 1288 non
1145 1248 1255 1289 extat
1274 1248 1352 1290 nisi
1384 1248 1426 1289 in
1454 1247 1708 1302 inscriptione

210 1329 244 1359 a.
277 1318 359 1360 696
388 1331 425 1361 u.
457 1331 489 1361 c.
517 1309 690 1373 tempori
720 1320 871 1363 Catulli
909 1321 1164 1363 conveniente
1205 1322 1245 1363 et
1283 1320 1475 1363 Sallustio
1516 1320 1708 1362 tribuitur

209 1403 233 1432 a
263 1391 416 1434 Charis.
448 1392 489 1433 11
518 1405 584 1446 pg.
620 1394 698 1435 133
740 1394 789 1437 cl.
822 1394 952 1436 Diom.
984 1395 1005 1436 I
1034 1408 1100 1449 pg.
1132 1397 1215 1438 323
1248 1394 1315 1450 (cf.
1348 1393 1468 1436 Neuii
1498 1406 1559 1448 gr.
1590 1394 1634 1436 L.
1666 1394 1708 1435 ΙῘ

209 1476 276 1518 pg.
313 1464 424 1519 155).
483 1466 583 1507 Alid
619 1477 861 1519 quamquam
901 1467 1057 1522 saepius
1096 1467 1318 1519 invenitur,
1359 1466 1568 1521 praecipue
1603 1467 1707 1521 apud

209 1536 460 1588 Lucretium,
506 1539 642 1580 tamen
681 1539 787 1593 apud
835 1540 990 1582 nullum
1029 1553 1166 1583 eorum
1205 1541 1466 1594 scriptorum,
1508 1540 1575 1597 qui
1617 1541 1706 1594 post

213 1609 415 1653 Catullum
454 1609 658 1663 vixerunt,
698 1612 881 1666 legimus.
941 1613 1001 1656 De
1040 1613 1123 1656 illis
1162 1614 1260 1668 ipsis
1298 1627 1390 1656 vero
1431 1613 1704 1667 similibusque

213 1683 469 1726 nominativis
499 1686 545 1727 ut
562 1686 756 1738 Caecili-3,
786 1688 954 1738 Naevi-e,
987 1688 1140 1736 Cladis,
1158 1688 1265 1730 'aliis
1295 1687 1570 1730 declinationis
1599 1688 1704 1729 anti-

211 1756 358 1809 quioris
402 1757 532 1801 medio
576 1759 732 1803 saeculo
782 1759 951 1814 septimo
1000 1761 1185 1813 usitatis,
1241 1762 1309 1816 qui
1362 1763 1499 1815 postea
1543 1774 1588 1803 ex
1631 1775 1705 1803 usu

206 1832 462 1882 evanuerunt,
494 1831 580 1886 egit
594 1832 839 1875 Ritschelius
869 1833 918 1875 de
947 1833 1088 1877 declin.
1120 1834 1294 1887 quadam
1322 1835 1411 1880 Lat.
1443 1834 1705 1877 reconditiore

208 1902 387 1958 (Bonnae
418 1903 563 1958 1861).

319 1978 452 2026 Unum
481 1979 684 2032 postremo
713 1980 872 2032 notabo,
904 1980 1026 2023 semel
1056 1993 1080 2023 a
1110 1981 1269 2025 Catullo
1300 1980 1378 2023 dici
1409 1984 1499 2024 uni
1531 1981 1706 2038 (17,17)

205 2063 275 2104 pro
306 2051 470 2105 vulgato
510 2054 628 2094 unius
672 2051 714 2094 in
756 2053 844 2095 his:
891 2067 966 2095 nec
992 2055 1072 2107 pila·
1100 2056 1208 2107 facit
1236 2057 1329 2106 uni,
1370 2055 1499 2108 qualis
1528 2055 1705 2110 genetivi

206 2122 331 2165 forma
362 2125 406 2166 ut
436 2125 618 2168 vocabuli
647 2132 740 2167 uter
769 2127 878 2168 nullo
908 2127 992 2170 loco
1022 2127 1082 2170 ita
1109 2140 1249 2170 vocum
1278 2142 1394 2180 unus,
1434 2131 1560 2180 solus,
1597 2131 1705 2170 ullus

205 2196 310 2249 apud
339 2196 583 2251 antiquiores
613 2199 774 2240 tantum
790 2199 967 2254 Augusti
994 2202 1167 2243 aetatem
1197 2202 1474 2255 praecedentes
1504 2203 1704 2245 invenitur

207 2267 275 2324 (cf.
294 2269 412 2312 Neuii
433 2283 493 2324 gr.
515 2272 559 2315 L.
582 2271 623 2314 Π
644 2284 710 2326 pg.
736 2274 816 2315 185
839 2272 930 2328 sq.).
963 2274 1023 2316 De
1053 2278 1068 2316 i
1097 2276 1275 2329 genetivi
1305 2280 1424 2318 unius
1455 2278 1703 2331 correpta

207 2341 317 2398 (5‚3)
350 2345 390 2386 et
425 2344 624 2387 similibus
657 2344 720 2400 (ut
755 2349 936 2388 totfus
974 2349 1127 2399 17,10;
1173 2350 1239 2400 37,
1258 2351 1297 2392 9.
1347 2350 1521 2394 illius
1558 2352 1702 2403 10‚31;

205 2414 355 2467 66,85;
381 2417 562 2468 64,348;
593 2419 659 2470 68,
677 2419 747 2461 44.
777 2421 953 2472 ἱρεῖαι
982 2421 1049 2472 64,
1062 2421 1117 2464 43
1147 2423 1188 2465 et
1219 2423 1291 2476 67)
1320 2435 1424 2466 nunc
1445 2436 1521 2466 non
1543 2424 1701 2466 uberius

206 2486 421 2540 disseram,
464 2501 576 2541 cum,
619 2491 723 2544 quod
767 2491 848 2534 iam
878 2506 997 2547 supra
1027 2493 1129 2545 dixi,
1174 2497 1424 2549 prosodiacas
1455 2498 1702 2550 quaestiones

205 2561 445 2604 secluserim.
468 2587 519 2593 —
544 2563 602 2606 At
632 2566 757 2607 vocat.
789 2580 905 2617 une,
938 2581 1054 2620 quem
1085 2569 1189 2622 apud
1206 2570 1340 2612 Plaut.
1373 2573 1412 2613 et
1428 2571 1699 2625 Augustinum

205 2633 439 2685 invenimus,
475 2636 579 2689 apud
610 2639 787 2680 nostrum
818 2640 927 2682 extat
957 2641 1023 2692 37,
1045 2642 1107 2684 17.

821 180 1099 226 ...18-
