1716 3164
780 184 1053 227 -32,

169 299 421 343 restituendo.
483 299 584 340 Nam
621 299 807 350 ,ἀρήρῃ
855 298 1028 348 der-iye’t,
1069 296 1268 334 ‹terea-ere
1299 295 1372 336 etc.
1426 293 1686 336 Medicaeusr

170 373 337 427 Vergilii
377 373 493 414 codex
535 371 706 420 sexiens,
749 383 818 411 nec
857 369 1012 422 saepius
1044 369 1147 411 idem
1189 369 1324 420 dir-dyc
1354 368 1520 420 dirique
1550 368 1650 409 etos·
1683 358 1687 360 ⁷

169 448 354 497 (Lacbm.
394 445 444 487 ad
484 445 598 486 Lucr.
639 455 705 497 pg.
737 443 848 494 247).
889 443 955 493 63,
973 445 1028 486 56
1069 443 1317 494 diriqer‘e
1347 440 1534 494 legimus.

283 520 428 562 Contra
449 517 596 560 veroin
612 516 811 558 nonnullis
834 517 848 556 a·
870 515 1062 558 recentior
1078 516 1139 557 est
1154 527 1224 569 pro
1246 528 1267 555 e
1287 513 1513 568 divulgataz
1532 513 1598 566 44,
1612 513 1661 555 13
1687 501 1690 503 Δ

169 593 400 646 yravido
429 592 626 644 (qravedo
643 591 779 642 Lep),
811 590 878 639 55,
896 589 951 630 25
977 590 1204 641 pinnipes
1228 586 1294 642 (de
1315 599 1388 629 scr.
1412 586 1591 629 codicum
1611 585 1661 629 cf.
1692 578 1695 581 “

170 665 366 708 Schwabii
398 664 492 706 edit.
524 677 590 717 pg.
627 662 706 706 190
736 661 813 716 ex.)
845 662 893 704 cl.
921 664 1050 714 pinna
1080 661 1184 715 apud
1213 661 1344 711 Lucr.,
1376 661 1508 712 Varr.‚
1548 660 1662 711 Eun„

166 741 358 791 pinniyer
387 738 492 791 apud
512 738 640 787 Lucr.‚
671 737 774 778 aliis.
815 735 950 777 Etiam
980 736 1032 774 ni
1060 746 1132 787 pro
1162 747 1211 774 ne
1241 746 1318 775 uno
1348 733 1433 775 loco
1464 730 1662 787 (61‚153)

171 812 210 853 in
227 812 425 854 codicibus
442 813 643 853 servatum
661 812 721 852 est
738 810 802 864 (cf.
821 810 981 852 Lachm.
1002 808 1054 850 ad
1067 808 1182 850 Lucr.
1199 820 1267 861 pg.
1292 806 1404 862 117),
1435 807 1546 848 cuius
1562 806 1666 849 ratio

172 887 330 927 auctore
350 884 568 926 Ritschelio
587 885 684 925 haec
706 883 863 925 videtur
884 895 980 925 esse.
1026 880 1206 934 Antiqua
1231 881 1358 922 forma
1379 894 1429 921 ne
1451 880 1540 931 fuit,
1560 880 1667 922 unde

171 961 238 1000 nei
262 960 394 1000 ortum
420 959 480 1000 est
506 958 689 1012 (fortasse
711 958 778 1007 62,
789 956 842 999 59
868 955 1180 1006 restituendum,
1212 954 1281 996 ubi
1309 967 1443 996 omncs
1469 953 1564 996 libri
1594 968 1668 995 nec
1698 982 1700 985 -

170 1032 390 1085 praebent).
435 1034 486 1073 Ei
517 1032 629 1076 illud.
662 1032 709 1073 de
739 1043 815 1084 quo
845 1029 962 1083 paulo
992 1029 1082 1082 post
1109 1028 1270 1069 uberius
1300 1040 1432 1082 agam,
1463 1027 1545 1069 fere
1574 1027 1665 1070 ubi-

171 1119 247 1158 que
276 1106 317 1146 in
357 1107 373 1146 i
413 1106 585 1156 transiit,
618 1106 736 1158 atque
767 1104 825 1146 ita
856 1117 901 1145 ex
931 1105 997 1143 nei
1027 1104 1115 1144 orta
1146 1104 1208 1144 est
1238 1102 1364 1144 forma
1394 1103 1446 1145 πῖ.
1499 1102 1556 1144 Ut
1576 1112 1668 1143 vero

171 1179 243 1220 hoc
273 1178 545 1232 distinguatur
575 1191 598 1220 a
634 1180 677 1218 ni
715 1190 784 1231 pro
814 1179 896 1217 nisi
925 1175 1053 1230 posito
1093 1175 1213 1229 (quod
1242 1176 1282 1216 et
1311 1175 1445 1228 ipsum
1473 1176 1540 1215 nei
1570 1173 1669 1215 scri-

171 1251 351 1302 bebatur,
385 1253 430 1292 ut
458 1251 649 1304 producta
680 1251 973 1304 significaretur
998 1251 1053 1302 i),
1085 1249 1286 1302 antiquior
1315 1249 1452 1302 postea
1481 1246 1670 1290 restituta
1710 1283 1716 1325 Ι

177 1325 238 1365 est
267 1324 393 1365 forma
423 1338 483 1365 ne.
530 1324 709 1377 Denique
731 1327 977 1365 antistans
1001 1324 1129 1379 (codd.
1151 1321 1345 1377 antistas)
1379 1322 1453 1372 9‚2
1482 1321 1669 1375 legimus,

171 1397 275 1449 quod
316 1398 357 1439 et
400 1396 529 1450 ipsum
571 1397 675 1450 apud
715 1397 957 1450 antiquiores
998 1398 1044 1440 ut
1087 1398 1202 1439 Lucr.
1234 1398 1274 1438 et
1303 1396 1420 1438 Varr.
1452 1395 1572 1436 extat.
1620 1417 1665 1424 —-
1713 1410 1716 1438 3

172 1471 197 1510 I
222 1482 292 1522 pro
322 1484 347 1510 u
377 1470 599 1523 antiquiore
632 1471 768 1522 10,10
797 1471 1002 1522 habemus,
1033 1484 1121 1513 nam
1142 1471 1183 1512 in
1202 1469 1317 1512 libris
1346 1470 1667 1510 monimenta
1714 1456 1716 1477 ³

171 1544 363 1597 scriptum
393 1545 454 1585 est
486 1543 755 1600 (monumenta
785 1545 826 1586 in
856 1546 937 1587 solo
954 1543 1025 1600 H),
1057 1556 1156 1598 quae
1177 1543 1283 1585 vocis
1306 1541 1535 1584 scribendae
1559 1539 1664 1582 ratio

171 1617 305 1668 etiam,
338 1618 382 1659 ut
412 1618 491 1659 alia
521 1618 718 1671 omittam,
749 1620 853 1673 apud
883 1620 1102 1661 Varronem
1123 1618 1150 1660 1.
1173 1618 1217 1659 L.
1239 1617 1298 1658 VI
1323 1618 1349 1659 6
1379 1614 1592 1666 invenitur,
1623 1615 1664 1656 et

177 1692 240 1742 17,
258 1693 284 1733 6
316 1691 357 1731 in
379 1693 704 1733 Salisubsilis
733 1706 802 1746 pro
830 1694 1114 1744 Salisubsulis‚
1145 1690 1248 1744 quod
1278 1691 1324 1731 ut
1353 1691 1505 1740 consul,
1533 1700 1664 1742 prae-

171 1765 238 1805 sul
266 1776 290 1805 a
319 1766 495 1805 saliendi
525 1766 643 1807 verbo
670 1766 889 1826 descendit;
921 1765 1012 1806 inde
1043 1780 1064 1805 e
1093 1777 1162 1819 pro
1192 1779 1218 1805 u
1247 1763 1289 1805 in
1318 1763 1392 1805 hoc
1420 1764 1664 1815 fulqeret

171 1851 241 1891 pro
281 1839 462 1891 fulquret
503 1837 588 1894 (66,
607 1839 693 1892 94).
752 1840 800 1880 In
839 1838 903 1880 his
939 1839 1068 1881 forma
1097 1836 1298 1890 antiquior
1326 1835 1503 1890 Augusti
1531 1835 1664 1876 aetate

172 1911 296 1953 denuo
325 1913 574 1966 pervulgata,
606 1912 678 1954 illa
707 1913 884 1954 obsoleta
913 1914 1009 1955 erat.

287 1986 492 2028 Postremo
524 1989 572 2027 ei
602 1998 671 2040 pro
698 1987 876 2041 ilonga
908 1999 1022 2040 saepe
1044 1985 1087 2027 in
1107 1984 1307 2027 codicibus
1328 1984 1542 2034 servatum,
1573 1981 1664 2024 aliis

173 2058 270 2100 locis
300 2061 409 2101 certa
438 2060 663 2102 coniectura
693 2061 982 2103 restituendum
1012 2060 1085 2102 est.
1131 2059 1192 2100 Ne
1221 2059 1364 2111 longus
1394 2053 1482 2108 siin,
1514 2057 1562 2098 de
1591 2068 1663 2098 usu

173 2131 282 2174 illius
315 2136 356 2174 ei
385 2133 484 2175 satis
515 2136 606 2176 noto
636 2147 740 2176 nunc
769 2148 847 2177 non
877 2134 1089 2184 disseram,
1121 2132 1189 2174 sed
1219 2132 1357 2185 delego
1387 2131 1438 2172 ad
1468 2142 1534 2180 ea,
1565 2141 1664 2182 quae

174 2205 438 2248 Schweizerus
468 2207 509 2249 in
539 2208 691 2250 Kulmii
722 2209 913 2251 Zeitscbr.
944 2209 972 2250 f.
1005 2208 1086 2262 vgl.
1119 2206 1194 2260 Spr
1236 2206 1278 2247 II
1307 2218 1374 2259 pg.
1407 2205 1489 2247 356
1529 2217 1587 2258 sq.
1618 2216 1664 2246 ea

172 2278 219 2320 de
249 2292 291 2320 re
321 2280 510 2323 disseruit
539 2283 579 2323 et
609 2282 771 2324 Lachm.
802 2282 854 2324 ad
883 2283 997 2323 Lucr.
1028 2293 1096 2335 pg.
1128 2279 1211 2323 244
1240 2292 1298 2332 sq.
1343 2279 1400 2321 Eo
1435 2279 1594 2320 auctore
1622 2277 1665 2319 in

173 2351 321 2394 Catulli
351 2354 551 2396 codicibus
582 2368 702 2397 unum
724 2355 892 2409 pluralis
909 2355 1130 2409 exemplum
1161 2354 1443 2396 intemeratum
1474 2352 1666 2395 remansit

173 2427 239 2476 61,
258 2427 340 2469 232
382 2429 540 2470 bonei
579 2432 772 2483 coniuges
802 2430 883 2483 (Ι)1
902 2431 984 2481 G1,
1017 2429 1087 2471 alii
1119 2429 1276 2479 balnei,
1308 2429 1461 2478 holuei,
1494 2424 1664 2480 bonlei),

174 2499 343 2541 vocativi
383 2499 480 2542 item
520 2514 641 2543 unum
680 2503 788 2553 23,1
827 2505 895 2544 Fu
907 2505 1000 2546 rei.
1071 2502 1222 2554 Quibus
1262 2514 1335 2555 ego
1376 2500 1557 2554 equidem
1591 2499 1665 2541 hoc

173 2571 251 2612 abl.
270 2572 436 2625 pluralis
458 2574 585 2616 adicio
609 2577 829 2628 exemplum
853 2577 919 2628 46,
937 2577 963 2618 3
986 2579 1171 2618 aureis
1202 2576 1252 2629 (G
1271 2576 1303 2614 (Ἰ
1315 2583 1330 2598 ‘¹
1351 2576 1398 2625 H,
1429 2573 1498 2615 alii
1520 2572 1663 2622 auris).

174 2645 229 2686 At
269 2649 423 2699 poetam
467 2650 644 2689 nostrum
690 2663 762 2690 nou
796 2650 934 2690 Lucilii
978 2649 1157 2702 regulam
1190 2650 1366 2689 secutum
1408 2660 1512 2698 csse,
1554 2645 1665 2699 (11ιὶγί
