1716 3164
177 291 350 341 tutum),
397 293 507 341 9226
547 291 871 343 pervoluent
918 287 1046 343 (codd.
1086 285 1320 341 pervoluit).
1396 286 1510 328 Illius
1554 285 1665 328 verbi

179 367 323 406 formas
370 365 502 405 eodem
550 363 663 404 modo
708 375 796 403 cum
828 375 854 402 u
893 362 1019 403 vocali
1067 363 1274 415 usurpatas
1318 359 1423 414 apud
1462 351 1697 401 Tibullum

177 439 396 492 complures
427 437 655 490 reperimus,
686 435 803 477 huius
833 435 1054 488 exemplum
1086 437 1195 478 extat
1224 435 1329 489 apud
1359 435 1476 488 Prop.
1506 434 1526 475 I
1557 435 1595 486 7,
1617 435 1668 477 16

178 512 244 566 (cf.
277 511 461 554 Struvius
492 510 538 551 de
568 509 708 550 declin.
741 509 781 549 et
811 508 965 561 coniug.
999 509 1085 551 Lat.
1118 522 1184 563 pg.
1215 510 1299 552 300
1329 509 1370 550 et
1399 508 1511 563 321).

289 585 374 625 Duo
414 584 504 624 inde
543 582 733 623 habemus
775 581 814 622 in
846 581 994 623 Catulli
1025 581 1268 623 carminibus
1300 581 1442 632 verba,
1473 594 1572 634 quae
1601 594 1670 636 per

175 659 479 711 metaplasmum
511 655 654 698 tertiae
673 655 863 696 accedunt
885 654 1174 708 coniugationi:
1206 655 1273 706 39,
1297 657 1347 697 14
1377 653 1536 705 lavit,
1568 653 1671 707 quod

180 730 304 772 Prisc.
337 730 395 770 IX
435 731 473 779 6,
497 729 551 770 34
590 729 749 769 auctore
797 726 952 779 antiqui
996 729 1139 770 tertiae
1184 741 1336 782 quoque
1380 727 1670 783 coniugationis
1702 735 1704 737 ’

176 803 436 845 declinatione
466 802 690 855 proferunt,
729 801 795 849 64,
813 802 896 843 402
921 808 1207 854 poteretur
1237 815 1307 856 pro
1332 804 1533 855 potiretur
1562 800 1670 843 codi-

177 889 266 916 cum
295 875 414 917 metri
445 887 564 916 causa
594 874 856 915 scribendum.
909 876 1063 927 Tuor,
1095 877 1198 929 quod
1228 877 1335 926 20,5
1365 875 1549 930 legimus,
1582 887 1671 916 cum

177 962 335 990 carmen
370 949 470 990 illud
502 949 659 991 Catullo
698 961 774 989 non
805 948 860 989 sit
890 949 1157 1001 tribuendum,
1191 949 1462 992 Catullianum
1492 962 1568 990 non
1598 951 1671 991 est.

180 1023 318 1064 Utitur
362 1035 452 1064 vero
497 1024 655 1076 praeter
697 1024 940 1076 antiquiores
987 1025 1126 1065 lavere
1170 1023 1240 1066 illo
1285 1023 1490 1075 Horatius,
1534 1023 1673 1066 formis

181 1096 292 1137 verbi
329 1098 516 1148 potiundi
555 1097 699 1139 tertiae
739 1097 1007 1152 coniugationi
1047 1097 1250 1151 adaptatis
1281 1096 1469 1148 Ovidius,
1500 1100 1546 1138 ut
1574 1096 1674 1138 alios

180 1171 365 1212 omittam
409 1170 475 1225 (cf.
516 1170 667 1212 Neuius
707 1171 734 1213 1.
768 1171 794 1213 l.
825 1184 891 1225 pg.
922 1173 1003 1214 321
1036 1173 1076 1213 et
1111 1169 1228 1225 322).
1296 1169 1456 1212 Servius
1495 1181 1587 1211 cum
1624 1168 1675 1210 ad
1712 1165 1716 1183 ³

183 1244 304 1297 Verg.
337 1244 436 1286 Aen.
469 1245 527 1287 IV
557 1245 640 1287 409
685 1247 869 1288 annotet:
920 1245 1123 1296 „Dicimus
1167 1257 1190 1286 a
1234 1243 1356 1286 tertia
1399 1242 1676 1297 coniugatione

180 1330 264 1358 esse
294 1318 575 1371 imperativum
611 1324 782 1371 (cave),
824 1322 869 1363 ut
899 1332 1012 1369 cavo,
1044 1321 1179 1371 cavia
1220 1317 1313 1359 hinc
1342 1317 1465 1359 etiam
1495 1317 1676 1360 Catullus

181 1386 326 1431 caoe⁴re
345 1391 485 1442 dixit“,
509 1394 627 1442 errat,
651 1405 743 1434 nam
765 1396 879 1435 οαυό
909 1393 1015 1446 apud
1026 1391 1226 1434 Catullum
1243 1392 1311 1442 50,
1331 1392 1395 1434 18.
1415 1391 1484 1441 193
1514 1390 1581 1442 61,
1597 1390 1677 1433 152

182 1464 242 1504 est
271 1462 531 1517 imperativus
567 1465 760 1507 secundae
800 1465 1090 1520 coniugationis
1119 1478 1141 1505 e
1171 1466 1372 1518 correpta,
1413 1463 1543 1518 qualis
1572 1463 1678 1518 apud

182 1536 355 1590 tragicos
396 1539 548 1579 veteres
589 1539 830 1591 sexcenties,
872 1539 978 1594 apud
1015 1539 1153 1594 poetas
1183 1538 1340 1580 Catullo
1378 1538 1550 1580 minores
1588 1549 1677 1579 raro

184 1610 379 1663 reperitur
409 1611 475 1664 (cf.
507 1611 658 1653 Neuius
688 1612 716 1654 l.
747 1614 774 1655 1.
805 1626 874 1668 pg.
905 1611 1023 1668 333).

294 1685 371 1726 Pro
402 1707 423 1715 -
437 1685 570 1726 iebam
599 1685 822 1739 imperfecti
860 1688 1025 1740 quartae
1062 1684 1353 1740 coniugationis
1388 1683 1678 1738 antiquissimis

182 1757 425 1811 temporibus
470 1758 551 1800 fere
595 1758 740 1812 ubique
785 1762 957 1802 -ibam
998 1758 1265 1803 contractione
1305 1758 1533 1809 dicebatur,
1579 1769 1679 1810 quae

183 1831 342 1884 quidem
362 1830 585 1884 imperfecti
606 1831 792 1874 formatio
814 1846 862 1875 ne
884 1833 987 1887 apud
1018 1845 1159 1875 aureae
1180 1832 1339 1886 quidem
1369 1830 1514 1873 aetatis
1543 1832 1679 1885 poetas

183 1905 298 1957 plane
328 1917 373 1946 ex
403 1917 477 1946 usu
506 1905 687 1956 evanuit,
730 1906 835 1959 quod
865 1907 985 1960 Verg.
1017 1906 1116 1949 Aen.
1147 1906 1208 1948 XI
1246 1907 1330 1948 572
1359 1906 1560 1956 nutribat,
1601 1904 1679 1946 VII

181 1979 265 2020 485
305 1979 537 2029 nutribant,
578 1979 680 2021 VIII
722 1980 802 2022 160
837 1980 1034 2030 vestibat,
1075 1980 1147 2022 Ov.
1177 1979 1276 2021 Met.
1309 1979 1365 2020 VI
1395 1979 1446 2020 21
1479 1978 1680 2028 mollibat,

182 2052 298 2105 Prop.
345 2053 364 2093 I
413 2054 452 2103 3,
470 2052 525 2094 25
570 2053 780 2106 larqibar,
835 2053 917 2107 alia
963 2054 1174 2096 testantur.
1247 2052 1453 2095 Eiusmodi
1503 2051 1681 2105 exempla

185 2125 416 2167 Catulliana
446 2126 544 2167 haec
574 2127 687 2167 sunt:
719 2126 785 2177 68,
818 2127 872 2169 85
901 2127 1119 2168 scibant
1157 2127 1369 2177 (scribant
1398 2127 1461 2166 Β1
1494 2125 1681 2167 sciebant

185 2201 285 2251 dp),
317 2201 382 2250 84,
401 2201 424 2241 8
456 2200 720 2240 audibant
740 2200 988 2249 (audiebant
1004 2200 1301 2250 GLCH[P1]),
1331 2198 1398 2250 64,
1416 2198 1499 2241 319
1521 2204 1682 2239 custo-

184 2274 375 2313 dibant
403 2277 430 2322 ζ
430 2273 713 2313 custodiebant
742 2274 888 2314 GLCH
896 2276 961 2326 p).
1020 2273 1086 2315 Ita
1114 2274 1252 2315 contra
1291 2271 1471 2314 codicum
1509 2269 1681 2314 auctori-

184 2346 311 2387 tatem
341 2344 591 2387 scribendum
624 2358 729 2397 esse,
772 2346 840 2388 ubi
879 2347 1052 2388 metrum
1093 2359 1213 2388 unam
1244 2345 1441 2389 desideret
1470 2345 1680 2400 syllabam,

187 2418 391 2460 Bentleius
421 2418 463 2460 in
493 2418 665 2461 editione
695 2418 873 2461 Terentii
903 2418 1027 2461 docet.

299 2491 386 2533 Iam
417 2492 467 2533 ad
508 2492 683 2546 perfecta
713 2491 940 2535 Catulliana
971 2493 1011 2534 et
1040 2493 1240 2545 tempora,
1271 2503 1371 2544 quae
1400 2490 1491 2533 inde
1521 2490 1681 2533 descen-

187 2565 303 2615 dunt,
350 2567 609 2607 transeamus.
670 2566 781 2618 34,8
828 2578 898 2619 pro
943 2566 1131 2619 deposuit
1167 2565 1360 2607 librorum
1400 2565 1519 2607 metri
1564 2576 1681 2606 causa

189 2640 465 2691 deposivit
508 2639 796 2681 restituendum
838 2640 920 2690 est,
963 2638 1065 2691 quod
1110 2640 1326 2692 perfectum
1357 2638 1463 2692 apud
1493 2639 1681 2680 Plautum
