1716 3164
164 329 310 370 formae
349 326 528 369 oriuntur
558 338 601 366 ex
641 330 728 365 eene
768 324 807 365 et
837 324 1024 373 videsne,
1057 333 1220 375 qnorum
1254 319 1446 375 posterior
1476 319 1597 363 etiam
1626 331 1648 361 s

164 401 268 443 vocis
297 402 410 442 vides
440 399 588 442 amisit.
651 399 709 440 Ac
748 398 921 453 primum
953 396 1111 450 quidem
1142 396 1262 436 viden
1292 394 1392 436 illud
1424 407 1513 436 cum
1543 393 1648 449 apud
1690 384 1692 386 ’

162 474 402 529 antiquiores
432 475 477 516 ut
505 474 695 515 Plautum
725 474 765 515 et
796 470 1026 513 Terentium
1057 469 1287 523 saepissime
1316 467 1428 510 nobis
1450 467 1647 519 obveniat,

162 548 265 602 apud
303 550 459 601 poetas,
497 548 562 601 qui
605 546 807 590 Catullum
847 544 970 586 secuti
1001 546 1110 594 sunt,
1142 542 1344 584 rarissime
1373 542 1544 597 legimus
1574 542 1651 596 (ita

164 622 281 675 Verg.
323 621 420 662 Aen.
463 621 520 662 VI
559 621 653 663 780.
714 618 860 661 Tibull.
902 618 943 659 II
976 619 1011 668 1,
1039 617 1123 670 25).
1194 616 1374 659 Catullus
1415 618 1460 659 ut
1495 616 1650 659 medius

162 694 238 736 iter
267 706 330 734 eos
361 694 421 735 ter
451 692 550 734 illud
580 691 806 746 usurpavit:
839 692 906 741 61,
925 691 975 733 77
1008 691 1048 732 et
1077 690 1152 739 98;
1184 689 1249 740 62,
1268 690 1316 739 83
1347 689 1422 740 bie,
1453 691 1498 732 ut
1528 689 1650 732 etiam

162 766 265 820 apud
296 767 413 820 Verg.
446 767 486 808 et
515 766 649 807 Tibull
667 798 676 815 ,
709 766 894 818 sequente
923 771 976 814 ut,
1009 750 1113 817 quod
1143 764 1183 804 et
1212 764 1278 814 61,
1297 764 1350 806 98
1380 763 1420 805 111
1451 763 1651 806 codicibus

164 839 287 889 inest,
328 840 400 882 1100
436 852 527 881 vero
569 839 652 881 loco
693 838 919 880 delendum.
997 838 1082 880 Nec
1121 836 1252 878 minus
1293 843 1382 888 tun,
1423 843 1511 886 ten,
1550 839 1654 879 tibin

164 913 267 967 apud
299 911 540 966 antiquiores
562 912 603 953 in
624 925 696 954 usu
719 914 823 963 sunt,
855 925 900 953 ex
919 911 1062 964 quibus
1091 922 1167 952 uno
1198 909 1268 951 illo
1299 916 1364 951 ten
1393 909 1455 952 bis
1472 910 1653 954 Catullus

163 999 255 1027 usus
295 987 375 1027 est:
416 985 526 1035 43‚6
566 991 631 1025 ten
667 986 884 1037 provincia
913 990 1059 1025 narrat
1100 998 1190 1025 esse
1224 985 1402 1026 bellam?
1441 985 1481 1028 et
1510 984 1653 1036 55,14

164 1065 274 1101 tanto
304 1064 369 1100 ton
397 1060 510 1111 fastu
539 1072 680 1111 neyaS,
711 1061 872 1100 amice?
902 1058 1021 1112 (quod
1051 1071 1141 1100 cum
1163 1059 1320 1101 Mureto
1350 1058 1507 1101 videtur
1535 1058 1652 1101 resti·
1714 1111 1716 1119 Ι

163 1132 351 1175 tuendum
382 1145 466 1174 esse
495 1145 565 1186 pro
596 1138 633 1173 te
662 1130 736 1187 in).
1713 1123 1716 1142 ³

277 1205 429 1247 Littera
459 1217 682 1247 consona
721 1206 818 1247 elisa
848 1206 909 1248 est
938 1205 1056 1248 metri
1085 1218 1203 1249 causa
1234 1206 1274 1247 in
1304 1206 1374 1249 illo
1407 1212 1459 1260 ty
1468 1219 1655 1258 panum

165 1291 196 1321 c.
218 1279 284 1328 63,
301 1280 326 1321 8
357 1279 397 1320 et
414 1278 440 1319 9
470 1291 494 1320 a
523 1278 725 1332 Scaligero
756 1280 861 1321 recte
891 1292 962 1333 pro
992 1286 1219 1333 tympanum
1249 1281 1426 1323 codicum
1457 1282 1652 1323 revocato.

166 1353 253 1395 Non
292 1350 423 1392 minus
463 1352 568 1393 certe
608 1352 806 1395 mentione
846 1353 1013 1407 dignum
1053 1355 1135 1405 est,
1177 1355 1280 1408 quod
1311 1355 1492 1398 Catullus
1522 1356 1656 1397 noster

166 1439 234 1480 per
274 1437 471 1478 apocopen
510 1425 618 1467 elisit
656 1439 678 1466 s
717 1425 877 1467 finalem
915 1426 1095 1468 litteram
1135 1427 1246 1469 verbi
1277 1428 1433 1468 dabis
1463 1428 1576 1481 (116,
1594 1429 1654 1478 8),

164 1499 266 1552 quod
282 1511 358 1541 non
374 1499 505 1541 minus
522 1501 628 1541 certa
645 1499 868 1542 coniectura
891 1512 1011 1552 quam
1042 1506 1230 1552 typanum
1260 1500 1373 1551 illud,
1404 1513 1452 1542 ne
1483 1502 1656 1543 metrum

165 1572 354 1623 violetur,
394 1572 655 1626 assequimur.
714 1573 863 1615 Eodem
903 1572 1019 1615 modo
1054 1573 1222 1615 fortasse
1255 1574 1347 1624 107,
1366 1573 1389 1615 7
1420 1575 1557 1626 mayn·
1586 1586 1656 1628 pro

164 1648 297 1698 maqis
326 1645 576 1687 scribendum
607 1647 679 1697 est,
711 1646 768 1688 ita
799 1647 843 1688 ut
872 1645 915 1687 111
946 1645 1120 1688 evadant
1149 1658 1307 1688 versus:

389 1718 476 1772 quis
506 1731 569 1760 me
600 1731 675 1760 uno
705 1718 806 1761 vivit
834 1718 998 1771 felicior,
1029 1721 1100 1761 aut
1127 1722 1239 1772 mayn·
1267 1732 1332 1761 me
1362 1732 1446 1762 esse

389 1792 585 1846 optandus
615 1792 700 1834 vita
730 1791 858 1834 dicere
889 1792 976 1846 quis
1006 1794 1181 1847 poterit?

165 1865 268 1919 quod
307 1864 455 1919 Heysio
495 1865 695 1907 debemus.
765 1865 911 1908 Utrum
950 1867 1152 1920 probanda
1201 1868 1255 1911 sit
1304 1868 1370 1918 23,
1388 1868 1439 1910 27
1490 1866 1655 1921 Bergkii

165 1938 408 1989 coniectura,
445 1937 513 1991 qui
542 1951 612 1992 pro
650 1925 754 1980 satis
785 1939 927 1980 beatus
959 1940 1099 1983 scribit
1133 1944 1238 1982 satis
1270 1941 1482 1982 beatu’s
1521 1940 1658 1983 littera

166 2014 340 2055 extrema
369 2011 476 2055 vocis
507 2013 651 2054 beatus
682 2012 831 2063 deleta,
862 2025 1003 2065 necue,
1035 2027 1081 2056 ea
1111 2014 1158 2056 de
1188 2027 1230 2056 re
1259 2027 1362 2056 nunc
1392 2014 1550 2056 uberius
1581 2027 1658 2055 non

166 2085 398 2139 disputab03
440 2085 620 2139 equidem
651 2098 725 2140 ego
752 2087 999 2140 probandam
1031 2099 1179 2128 censeo.
1241 2086 1318 2129 Sed
1348 2086 1507 2129 etiamsi
1537 2099 1659 2128 unum

165 2162 322 2202 tantum
351 2160 452 2202 illud
481 2161 724 2214 exemplum,
766 2160 868 2212 quod
904 2161 964 2202 est
994 2161 1022 2200 d
1031 2161 1142 2210 abi,
1172 2172 1243 2213 pro
1273 2161 1380 2202 certo
1410 2159 1452 2201 in
1481 2159 1657 2202 medium

168 2234 341 2287 proferre
372 2247 600 2287 possumus,
646 2235 780 2276 tamen
810 2233 852 2275 id
882 2246 1005 2275 unum
1034 2234 1206 2276 testatur
1236 2234 1439 2277 Catullum
1470 2247 1515 2276 ea
1545 2234 1586 2276 in
1615 2247 1659 2276 re

166 2320 281 2348 usum
321 2309 527 2360 poetarum
556 2307 826 2360 antiquiorum
857 2308 1037 2349 secutum
1067 2319 1174 2359 esse,
1205 2307 1316 2349 cuius
1346 2307 1524 2362 exempla
1554 2307 1659 2361 apud

167 2379 378 2433 scriptores
421 2393 562 2422 aureae
606 2380 750 2423 aetatis
795 2393 990 2434 nusquam
1030 2381 1286 2423 inveniuntur
1317 2380 1383 2436 (cf.
1416 2382 1458 2424 L.
1489 2380 1659 2423 Mueller

167 2453 215 2494 cle
243 2466 286 2495 re
314 2455 430 2496 metr.
461 2467 527 2509 pg.
560 2454 644 2498 344
674 2456 714 2497 et
744 2454 856 2508 345).

281 2527 442 2569 Arctius
475 2541 563 2570 cum
604 2528 685 2570 illis
725 2528 819 2579 hoc,
861 2529 962 2582 quod
1009 2529 1088 2570 iam
1130 2528 1330 2581 sequitur,
1372 2528 1471 2570 1111111
1503 2528 1660 2570 videtur

170 2601 398 2653 cohaerere,
441 2602 543 2654 quod
583 2601 669 2643 ideo
710 2602 759 2643 iis
799 2603 959 2645 subieci.
1032 2602 1197 2656 Saepius
1237 2602 1341 2655 apud
1372 2603 1551 2644 nostrum
1597 2601 1658 2643 in-

171 2674 348 2718 venimus
379 2675 452 2717 hoc
480 2681 700 2728 gnatus,
739 2675 842 2730 quod
881 2675 1041 2729 quidem
1081 2675 1203 2718 etiam
1233 2675 1350 2729 apud.
1383 2675 1516 2729 Verg.,
1547 2675 1657 2725 Hor„
