1716 3164
147 945 370 999 Postquam
399 944 554 987 Ennius
584 944 655 986 ille
675 943 846 987 Calaber
875 941 1109 985 hexametro
1140 940 1341 996 dactylico
1372 939 1568 983 adhibito

31 1033 156 1063 novas
186 1021 307 1073 atque
337 1019 520 1074 integras
550 1018 731 1073 poeticae
747 1018 834 1061 vias
864 1017 1027 1072 reperit,
1059 1016 1161 1059 artis
1192 1016 1350 1071 priscae
1379 1015 1557 1059 rationes

29 1107 193 1151 prorsus
224 1094 473 1145 immutavit,
504 1093 761 1147 multumque
791 1093 844 1135 ad
883 1074 1166 1135 invertendam
1195 1094 1238 1135 et
1269 1092 1559 1135 stabiliendam

30 1171 162 1214 artem
185 1170 408 1212 metrorum
439 1169 561 1222 atque
583 1167 807 1210 dictionum
827 1168 1192 1223 grammaticarum
1222 1167 1308 1211 eius
1339 1167 1561 1211 auctoritas

29 1245 164 1288 valere
194 1244 326 1299 coepit
343 1268 396 1273 —
419 1243 471 1286 ad
500 1256 620 1298 quem
649 1242 829 1298 proxime
850 1243 1047 1287 accedunt
1066 1244 1248 1287 Lucilius
1271 1245 1312 1287 et
1327 1243 1471 1287 Attius
1493 1267 1558 1295 -A,

28 1321 182 1376 poetae,
214 1319 283 1373 qui
312 1319 405 1361 inde
435 1320 716 1373 provenerunt,
748 1319 882 1374 magis
908 1319 1121 1374 magisque
1150 1318 1425 1362 imitationem
1447 1317 1557 1361 anti-

29 1394 317 1449 quissimorum
348 1394 612 1437 deseruerunt
641 1406 766 1436 novas
797 1393 891 1436 illas
922 1394 1045 1436 Ennii
1088 1394 1266 1437 rationes
1296 1393 1436 1437 secuti.
1498 1392 1558 1436 At

29 1482 51 1512 e
80 1468 292 1524 dactylicis
332 1468 486 1523 priores
526 1481 649 1522 quam
678 1468 856 1511 maxima
886 1468 951 1511 usi
980 1470 1076 1512 sunt
1107 1468 1373 1524 simplicitate
1402 1469 1554 1511 metro-

28 1557 136 1596 rum,
182 1557 344 1598 prorsus
390 1543 554 1598 quidem
599 1544 828 1595 constantes
873 1543 938 1586 illi
987 1543 1031 1586 in
1074 1544 1238 1599 placitis
1280 1543 1415 1586 Ennii
1476 1543 1554 1587 Sed

29 1619 98 1673 qui
136 1618 229 1661 inde
259 1631 283 1661 a
314 1618 450 1661 Sullae
488 1619 619 1661 morte
649 1619 744 1661 sunt
783 1619 911 1662 exorti
950 1632 1043 1662 cum
1086 1619 1332 1662 multiformi
1362 1619 1555 1662 studuere

27 1693 312 1737 numerositati
340 1695 430 1736 tum
458 1693 636 1747 leporem
657 1695 698 1737 et
719 1694 967 1748 elegantiam
986 1694 1177 1738 addidere
1207 1695 1379 1738 carmini
1393 1694 1552 1747 Latino,

27 1767 88 1812 ita
116 1769 163 1812 ut
192 1768 342 1812 sensim
371 1781 396 1811 a
425 1768 607 1823 priorum
636 1767 900 1823 simplicitate
930 1770 983 1822 et,
1015 1770 1062 1812 ut
1091 1769 1152 1812 ita
1182 1769 1328 1822 dicam,
1359 1769 1570 1822 ruditate,-

28 1857 141 1899 quae,
173 1857 265 1887 cum
294 1844 338 1887 in
357 1844 496 1888 Plauti
527 1845 568 1887 et
588 1843 769 1886 Terentii
797 1843 947 1886 fabulis
978 1843 1090 1896 insit,
1122 1856 1251 1898 neque
1281 1844 1333 1887 ab
1348 1843 1480 1887 Ennio
1511 1846 1553 1887 et

28 1919 330 1974 insequentibus
359 1933 523 1974 prorsus
553 1920 680 1971 abest,
712 1918 910 1962 transitus
942 1919 998 1962 sit
1027 1919 1160 1961 factus
1190 1919 1243 1961 ad
1264 1918 1553 1974 perfectionem

28 1980 153 2047 artis,
193 2007 295 2049 quae
334 1994 386 2037 ab
417 1993 598 2049 Augusti
637 1993 731 2036 inde
770 1994 905 2036 aetate
942 1993 1131 2037 obtinuit.
1191 1994 1336 2050 Itaque
1365 2008 1445 2038 non
1475 1994 1555 2038 erit

28 2069 190 2122 mirum,
222 2068 434 2124 ambiguos
465 2081 550 2112 esse
580 2069 797 2124 aliquando
828 2071 870 2112 et
884 2068 1038 2112 medios
1057 2069 1254 2113 Laevium
1284 2070 1326 2113 et
1344 2069 1553 2113 Catullum

28 2158 121 2188 cum
158 2144 394 2199 aequalibus
433 2143 540 2188 inter
569 2143 722 2199 placita
762 2145 966 2198 veterum,
1009 2157 1112 2200 quae
1148 2145 1470 2198 damnabantur,
1511 2147 1552 2189 et

30 2232 227 2263 novarum
255 2219 460 2263 rationum
488 2219 660 2274 novique
690 2219 824 2263 cultus
855 2219 1110 2264 dulcedinem
1139 2221 1202 2276 (L.
1225 2220 1401 2264 Mueller
1430 2220 1480 2264 de
1508 2233 1552 2263 re

29 2295 148 2337 metr.
178 2306 247 2350 pg.
279 2294 365 2349 74).

144 2370 194 2412 Id
222 2382 338 2423 vero,
376 2369 482 2425 quod
509 2369 628 2413 modo
658 2369 763 2422 dixi,
795 2382 875 2414 non
905 2370 1036 2414 solum
1066 2371 1177 2415 valet
1206 2370 1251 2414 in
1281 2371 1434 2416 Catulli
1464 2372 1552 2415 arte

29 2444 198 2488 metrica
227 2445 298 2488 sed
327 2445 452 2488 etiam
481 2444 524 2487 in
554 2444 728 2500 singulis
748 2446 964 2489 verborum
993 2447 1148 2500 formis,
1181 2460 1352 2502 quarum
1382 2448 1549 2498 multae,

30 2532 275 2574 quamquam
304 2522 424 2575 poeta
452 2521 495 2563 in
526 2519 759 2563 universum
790 2521 1014 2565 dictionum
1049 2523 1305 2566 venustatem
1335 2536 1382 2566 ac
1411 2523 1550 2567 mode-

30 2594 152 2638 stiam
167 2595 277 2638 haud
292 2596 409 2650 parvi
426 2596 628 2649 aestimat,
646 2596 697 2638 ad
717 2596 991 2651 antiquiorum
1006 2598 1158 2652 placita
1174 2598 1366 2641 recedunt
1382 2611 1405 2641 a
1421 2598 1550 2654 poetis

29 2668 135 2722 illis,
176 2670 245 2726 qui
273 2669 452 2727 Augusti
492 2673 671 2728 tempore
702 2672 907 2726 vixerunt,
949 2671 1093 2716 aliena.
1154 2674 1213 2717 At
1242 2673 1470 2718 accuratius
1501 2673 1550 2720 de
