<?xml version="1.0" encoding="UTF-8"?>
<!DOCTYPE html PUBLIC "-//W3C//DTD XHTML 1.0 Transitional//EN"
    "http://www.w3.org/TR/xhtml1/DTD/xhtml1-transitional.dtd">
<html xmlns="http://www.w3.org/1999/xhtml" xml:lang="en" lang="en">
 <head>
  <title>
</title>
<meta http-equiv="Content-Type" content="text/html;charset=utf-8" />
  <meta name='ocr-system' content='tesseract 3.04.00' />
  <meta name='ocr-capabilities' content='ocr_page ocr_carea ocr_par ocr_line ocrx_word'/>
</head>
<body>
  <div class='ocr_page' id='page_1' title='image "./observationesgra00heusuoft_0018.png"; bbox 0 0 1716 3164; ppageno 0'>
   <div class='ocr_carea' id='block_1_1' title="bbox 779 194 1058 240">
    <p class='ocr_par' dir='ltr' id='par_1_1' title="bbox 779 194 1058 240">
     <span class='ocr_line' id='line_1_1' title="bbox 779 194 1058 240; baseline 0.004 -13"><span class='ocrx_word' id='word_1_1' title='bbox 779 194 1058 240; x_wconf 80' lang='lat'>-14-</span> 
     </span>
    </p>
   </div>
   <div class='ocr_carea' id='block_1_2' title="bbox 156 316 1716 2725">
    <p class='ocr_par' dir='ltr' id='par_1_2' title="bbox 158 316 1716 1689">
     <span class='ocr_line' id='line_1_2' title="bbox 165 316 1663 372; baseline -0.003 -6"><span class='ocrx_word' id='word_1_2' title='bbox 165 334 327 366; x_wconf 87' lang='lat' dir='ltr'><strong>numero</strong></span> <span class='ocrx_word' id='word_1_3' title='bbox 356 321 480 364; x_wconf 86' lang='lat' dir='ltr'><strong>etiam</strong></span> <span class='ocrx_word' id='word_1_4' title='bbox 509 321 691 365; x_wconf 77' lang='lat' dir='ltr'><strong>Catullus</strong></span> <span class='ocrx_word' id='word_1_5' title='bbox 720 322 854 364; x_wconf 88' lang='lat' dir='ltr'><strong>noster</strong></span> <span class='ocrx_word' id='word_1_6' title='bbox 884 319 1089 362; x_wconf 86' lang='lat' dir='ltr'><strong>habendus</strong></span> <span class='ocrx_word' id='word_1_7' title='bbox 1119 320 1202 371; x_wconf 89' lang='lat' dir='ltr'><strong>est,</strong></span> <span class='ocrx_word' id='word_1_8' title='bbox 1242 317 1347 372; x_wconf 86' lang='lat' dir='ltr'><strong>apud</strong></span> <span class='ocrx_word' id='word_1_9' title='bbox 1387 329 1504 372; x_wconf 90' lang='lat' dir='ltr'><strong>quem</strong></span> <span class='ocrx_word' id='word_1_10' title='bbox 1534 316 1663 361; x_wconf 85' lang='lat' dir='ltr'><strong>multa</strong></span> 
     </span>
     <span class='ocr_line' id='line_1_3' title="bbox 165 389 1665 449; baseline -0.005 -10"><span class='ocrx_word' id='word_1_11' title='bbox 165 399 205 439; x_wconf 85' lang='lat' dir='ltr'><strong>ct</strong></span> <span class='ocrx_word' id='word_1_12' title='bbox 221 397 379 449; x_wconf 86' lang='lat' dir='ltr'><strong>integra</strong></span> <span class='ocrx_word' id='word_1_13' title='bbox 398 394 618 436; x_wconf 81' lang='lat' dir='ltr'><strong>invenimus</strong></span> <span class='ocrx_word' id='word_1_14' title='bbox 637 394 828 436; x_wconf 84' lang='lat' dir='ltr'><strong>vocabula</strong></span> <span class='ocrx_word' id='word_1_15' title='bbox 839 393 990 436; x_wconf 88' lang='lat' dir='ltr'><strong>Graeca</strong></span> <span class='ocrx_word' id='word_1_16' title='bbox 1006 395 1047 435; x_wconf 87' lang='lat' dir='ltr'><strong>et</strong></span> <span class='ocrx_word' id='word_1_17' title='bbox 1061 392 1112 435; x_wconf 87' lang='lat' dir='ltr'><strong>ad</strong></span> <span class='ocrx_word' id='word_1_18' title='bbox 1128 403 1280 434; x_wconf 89' lang='lat' dir='ltr'><strong>morem</strong></span> <span class='ocrx_word' id='word_1_19' title='bbox 1297 389 1665 444; x_wconf 87' lang='lat' dir='ltr'><strong>antiquissimorum</strong></span> 
     </span>
     <span class='ocr_line' id='line_1_4' title="bbox 165 464 1716 528; baseline -0.004 -17"><span class='ocrx_word' id='word_1_20' title='bbox 165 470 205 511; x_wconf 91' lang='lat' dir='ltr'><strong>in</strong></span> <span class='ocrx_word' id='word_1_21' title='bbox 227 469 304 510; x_wconf 87' lang='lat' dir='ltr'><strong>fine</strong></span> <span class='ocrx_word' id='word_1_22' title='bbox 325 480 394 521; x_wconf 89' lang='lat' dir='ltr'><strong>per</strong></span> <span class='ocrx_word' id='word_1_23' title='bbox 417 466 700 521; x_wconf 86' lang='lat' dir='ltr'><strong>metaplasmos</strong></span> <span class='ocrx_word' id='word_1_24' title='bbox 722 466 780 508; x_wconf 94' lang='lat' dir='ltr'><strong>ori</strong></span> <span class='ocrx_word' id='word_1_25' title='bbox 803 466 945 508; x_wconf 86' lang='lat' dir='ltr'><strong>Latino</strong></span> <span class='ocrx_word' id='word_1_26' title='bbox 967 465 1171 519; x_wconf 86' lang='lat' dir='ltr'><strong>adaptata.</strong></span> <span class='ocrx_word' id='word_1_27' title='bbox 1204 465 1269 506; x_wconf 89' lang='lat' dir='ltr'><strong>Ita</strong></span> <span class='ocrx_word' id='word_1_28' title='bbox 1291 465 1358 516; x_wconf 88' lang='lat'><strong>64,</strong></span> <span class='ocrx_word' id='word_1_29' title='bbox 1374 464 1431 507; x_wconf 84' lang='lat'><strong>54</strong></span> <span class='ocrx_word' id='word_1_30' title='bbox 1446 465 1668 506; x_wconf 73' lang='lat' dir='ltr'><strong>Ariadna</strong></span> <span class='ocrx_word' id='word_1_31' title='bbox 1712 519 1716 528; x_wconf 33' lang='grc' dir='ltr'>Ι</span> 
     </span>
     <span class='ocr_line' id='line_1_5' title="bbox 163 534 1716 593; baseline -0.003 -9"><span class='ocrx_word' id='word_1_32' title='bbox 163 543 369 593; x_wconf 79' lang='lat' dir='ltr'><strong>(adriana</strong></span> <span class='ocrx_word' id='word_1_33' title='bbox 405 542 513 583; x_wconf 85' lang='lat' dir='ltr'><strong>GD¹</strong></span> <span class='ocrx_word' id='word_1_34' title='bbox 547 541 677 592; x_wconf 87' lang='lat' dir='ltr'><strong>CH),</strong></span> <span class='ocrx_word' id='word_1_35' title='bbox 722 539 826 593; x_wconf 92' lang='lat' dir='ltr'><strong>quod</strong></span> <span class='ocrx_word' id='word_1_36' title='bbox 866 539 1011 581; x_wconf 87' lang='lat' dir='ltr'><strong>iterum</strong></span> <span class='ocrx_word' id='word_1_37' title='bbox 1051 538 1190 580; x_wconf 89' lang='lat' dir='ltr'><strong>eadem</strong></span> <span class='ocrx_word' id='word_1_38' title='bbox 1229 537 1408 580; x_wconf 90' lang='lat' dir='ltr'><strong>codicum</strong></span> <span class='ocrx_word' id='word_1_39' title='bbox 1447 537 1667 591; x_wconf 76' lang='lat' dir='ltr'>scripturae</span> <span class='ocrx_word' id='word_1_40' title='bbox 1711 534 1716 555; x_wconf 83' lang='lat'><strong>⁴</strong></span> 
     </span>
     <span class='ocr_line' id='line_1_6' title="bbox 165 611 1716 666; baseline -0.004 -7"><span class='ocrx_word' id='word_1_41' title='bbox 165 616 359 659; x_wconf 88' lang='lat' dir='ltr'><strong>varietate</strong></span> <span class='ocrx_word' id='word_1_42' title='bbox 405 628 442 657; x_wconf 91' lang='lat' dir='ltr'><strong>v.</strong></span> <span class='ocrx_word' id='word_1_43' title='bbox 480 614 563 657; x_wconf 88' lang='lat'><strong>253</strong></span> <span class='ocrx_word' id='word_1_44' title='bbox 608 615 738 665; x_wconf 85' lang='lat' dir='ltr'><strong>extat,</strong></span> <span class='ocrx_word' id='word_1_45' title='bbox 784 625 909 666; x_wconf 89' lang='lat' dir='ltr'><strong>neque</strong></span> <span class='ocrx_word' id='word_1_46' title='bbox 953 612 1123 655; x_wconf 83' lang='lat' dir='ltr'><strong>alteram</strong></span> <span class='ocrx_word' id='word_1_47' title='bbox 1168 611 1338 653; x_wconf 87' lang='lat' dir='ltr'><strong>formam</strong></span> <span class='ocrx_word' id='word_1_48' title='bbox 1381 611 1666 653; x_wconf 79' lang='lat' dir='ltr'>Graecanicam</span> <span class='ocrx_word' id='word_1_49' title='bbox 1711 627 1716 658; x_wconf 70' lang='grc' dir='ltr'><strong>ς</strong></span> 
     </span>
     <span class='ocr_line' id='line_1_7' title="bbox 164 685 1664 741; baseline -0.003 -9"><span class='ocrx_word' id='word_1_50' title='bbox 164 689 335 732; x_wconf 89' lang='lat' dir='ltr'><strong>nominis</strong></span> <span class='ocrx_word' id='word_1_51' title='bbox 366 688 477 729; x_wconf 89' lang='lat' dir='ltr'><strong>illius</strong></span> <span class='ocrx_word' id='word_1_52' title='bbox 507 687 613 741; x_wconf 92' lang='lat' dir='ltr'><strong>apud</strong></span> <span class='ocrx_word' id='word_1_53' title='bbox 629 687 833 730; x_wconf 86' lang='lat' dir='ltr'><strong>Catullum</strong></span> <span class='ocrx_word' id='word_1_54' title='bbox 863 685 1049 740; x_wconf 87' lang='lat' dir='ltr'><strong>legimus,</strong></span> <span class='ocrx_word' id='word_1_55' title='bbox 1081 687 1148 736; x_wconf 87' lang='lat'>61,</span> <span class='ocrx_word' id='word_1_56' title='bbox 1166 686 1221 727; x_wconf 88' lang='lat'><strong>29</strong></span> <span class='ocrx_word' id='word_1_57' title='bbox 1251 685 1494 738; x_wconf 76' lang='lat' dir='ltr'><strong>nympha,</strong></span> <span class='ocrx_word' id='word_1_58' title='bbox 1525 685 1592 736; x_wconf 88' lang='grc'><strong>68,</strong></span> <span class='ocrx_word' id='word_1_59' title='bbox 1611 685 1664 727; x_wconf 81' lang='grc'><strong>87</strong></span> 
     </span>
     <span class='ocr_line' id='line_1_8' title="bbox 164 757 1666 818; baseline -0.005 -13"><span class='ocrx_word' id='word_1_60' title='bbox 164 776 252 818; x_wconf 84' lang='lat' dir='ltr'><strong>gen.</strong></span> <span class='ocrx_word' id='word_1_61' title='bbox 274 763 529 812; x_wconf 86' lang='lat' dir='ltr'><strong>Helenae,</strong></span> <span class='ocrx_word' id='word_1_62' title='bbox 561 761 628 811; x_wconf 85' lang='lat'><strong>45,</strong></span> <span class='ocrx_word' id='word_1_63' title='bbox 645 761 671 802; x_wconf 90' lang='lat'>6</span> <span class='ocrx_word' id='word_1_64' title='bbox 701 759 780 802; x_wconf 86' lang='lat' dir='ltr'><strong>abl.</strong></span> <span class='ocrx_word' id='word_1_65' title='bbox 800 760 994 813; x_wconf 80' lang='lat' dir='ltr'><strong><em>Libya,</em></strong></span> <span class='ocrx_word' id='word_1_66' title='bbox 1025 758 1168 812; x_wconf 88' lang='lat' dir='ltr'><strong>quibus</strong></span> <span class='ocrx_word' id='word_1_67' title='bbox 1185 757 1286 799; x_wconf 88' lang='lat' dir='ltr'><strong>addo</strong></span> <span class='ocrx_word' id='word_1_68' title='bbox 1302 759 1342 809; x_wconf 88' lang='lat'><strong>4,</strong></span> <span class='ocrx_word' id='word_1_69' title='bbox 1363 759 1390 800; x_wconf 90' lang='lat'><strong>1·</strong></span> <span class='ocrx_word' id='word_1_70' title='bbox 1412 758 1666 813; x_wconf 75' lang='lat' dir='ltr'><strong><em>phaselus,</em></strong></span> 
     </span>
     <span class='ocr_line' id='line_1_9' title="bbox 163 830 1666 891; baseline -0.005 -12"><span class='ocrx_word' id='word_1_71' title='bbox 163 836 267 891; x_wconf 91' lang='lat' dir='ltr'><strong>quod</strong></span> <span class='ocrx_word' id='word_1_72' title='bbox 305 835 541 878; x_wconf 87' lang='lat' dir='ltr'><strong>vocabulum</strong></span> <span class='ocrx_word' id='word_1_73' title='bbox 581 833 685 887; x_wconf 90' lang='lat' dir='ltr'><strong>apud</strong></span> <span class='ocrx_word' id='word_1_74' title='bbox 726 833 914 875; x_wconf 89' lang='lat' dir='ltr'><strong>Ovidium</strong></span> <span class='ocrx_word' id='word_1_75' title='bbox 970 833 1011 875; x_wconf 91' lang='lat' dir='ltr'><strong>et</strong></span> <span class='ocrx_word' id='word_1_76' title='bbox 1060 831 1274 874; x_wconf 75' lang='lat' dir='ltr'><strong>Horatium</strong></span> <span class='ocrx_word' id='word_1_77' title='bbox 1315 830 1512 873; x_wconf 85' lang='lat' dir='ltr'><strong>Graecum</strong></span> <span class='ocrx_word' id='word_1_78' title='bbox 1555 831 1666 873; x_wconf 88' lang='lat' dir='ltr'><strong>tenet</strong></span> 
     </span>
     <span class='ocr_line' id='line_1_10' title="bbox 163 904 1665 965; baseline -0.006 -13"><span class='ocrx_word' id='word_1_79' title='bbox 163 911 312 953; x_wconf 87' lang='lat' dir='ltr'><strong>exitum</strong></span> <span class='ocrx_word' id='word_1_80' title='bbox 359 908 497 965; x_wconf 88' lang='lat' dir='ltr'><strong>(Neuii</strong></span> <span class='ocrx_word' id='word_1_81' title='bbox 535 920 596 961; x_wconf 87' lang='lat' dir='ltr'><strong>gr.</strong></span> <span class='ocrx_word' id='word_1_82' title='bbox 636 907 681 948; x_wconf 91' lang='lat' dir='ltr'><strong>L.</strong></span> <span class='ocrx_word' id='word_1_83' title='bbox 714 906 734 948; x_wconf 96' lang='lat' dir='ltr'>I</span> <span class='ocrx_word' id='word_1_84' title='bbox 772 918 839 960; x_wconf 87' lang='lat' dir='ltr'><strong>pg.</strong></span> <span class='ocrx_word' id='word_1_85' title='bbox 873 905 987 961; x_wconf 86' lang='lat'>130),</span> <span class='ocrx_word' id='word_1_86' title='bbox 1034 907 1075 948; x_wconf 88' lang='lat' dir='ltr'><strong>et</strong></span> <span class='ocrx_word' id='word_1_87' title='bbox 1118 907 1182 957; x_wconf 83' lang='lat'><strong>12,</strong></span> <span class='ocrx_word' id='word_1_88' title='bbox 1203 904 1254 947; x_wconf 87' lang='lat'><strong>13</strong></span> <span class='ocrx_word' id='word_1_89' title='bbox 1284 916 1665 957; x_wconf 71' lang='lat' dir='ltr'><strong><em>mnemosynum</em></strong></span> 
     </span>
     <span class='ocr_line' id='line_1_11' title="bbox 163 977 1665 1039; baseline -0.005 -14"><span class='ocrx_word' id='word_1_90' title='bbox 163 977 502 1039; x_wconf 66' lang='grc' dir='ltr'>Σμνημόσυνον</span> <span class='ocrx_word' id='word_1_91' title='bbox 535 979 665 1036; x_wconf 86' lang='lat' dir='ltr'>(codd.</span> <span class='ocrx_word' id='word_1_92' title='bbox 697 993 812 1020; x_wconf 87' lang='lat' dir='ltr'><strong>nemo</strong></span> <span class='ocrx_word' id='word_1_93' title='bbox 833 978 983 1035; x_wconf 75' lang='lat' dir='ltr'><strong>sinum)</strong></span> <span class='ocrx_word' id='word_1_94' title='bbox 1015 979 1157 1030; x_wconf 84' lang='lat' dir='ltr'><strong>rarius,</strong></span> <span class='ocrx_word' id='word_1_95' title='bbox 1189 978 1352 1029; x_wconf 89' lang='grc'>68,108</span> <span class='ocrx_word' id='word_1_96' title='bbox 1385 978 1665 1020; x_wconf 74' lang='lat' dir='ltr'><strong><em>barathrum</em></strong></span> 
     </span>
     <span class='ocr_line' id='line_1_12' title="bbox 164 1048 1661 1106; baseline -0.002 -9"><span class='ocrx_word' id='word_1_97' title='bbox 164 1055 363 1098; x_wconf 76' lang='lat' dir='ltr'><strong>usitatius.</strong></span> <span class='ocrx_word' id='word_1_98' title='bbox 409 1054 566 1096; x_wconf 84' lang='lat' dir='ltr'>Addere</span> <span class='ocrx_word' id='word_1_99' title='bbox 592 1052 654 1094; x_wconf 87' lang='lat' dir='ltr'><strong>his</strong></span> <span class='ocrx_word' id='word_1_100' title='bbox 680 1053 811 1106; x_wconf 87' lang='lat' dir='ltr'><strong>placet</strong></span> <span class='ocrx_word' id='word_1_101' title='bbox 836 1052 959 1094; x_wconf 90' lang='lat' dir='ltr'><strong>etiam</strong></span> <span class='ocrx_word' id='word_1_102' title='bbox 985 1064 1073 1106; x_wconf 89' lang='lat' dir='ltr'><strong>gen.</strong></span> <span class='ocrx_word' id='word_1_103' title='bbox 1102 1051 1204 1106; x_wconf 87' lang='lat' dir='ltr'><strong>sing.</strong></span> <span class='ocrx_word' id='word_1_104' title='bbox 1233 1052 1485 1103; x_wconf 81' lang='lat' dir='ltr'><strong>apeliotae</strong></span> <span class='ocrx_word' id='word_1_105' title='bbox 1513 1049 1598 1106; x_wconf 92' lang='lat'>(26,</span> <span class='ocrx_word' id='word_1_106' title='bbox 1616 1048 1661 1106; x_wconf 89' lang='lat'><strong>3)</strong></span> 
     </span>
     <span class='ocr_line' id='line_1_13' title="bbox 164 1125 1663 1181; baseline -0.003 -10"><span class='ocrx_word' id='word_1_107' title='bbox 164 1131 204 1171; x_wconf 89' lang='lat' dir='ltr'><strong>et</strong></span> <span class='ocrx_word' id='word_1_108' title='bbox 232 1141 361 1171; x_wconf 85' lang='lat' dir='ltr'><strong>accus.</strong></span> <span class='ocrx_word' id='word_1_109' title='bbox 394 1127 498 1181; x_wconf 87' lang='lat' dir='ltr'><strong>plur.</strong></span> <span class='ocrx_word' id='word_1_110' title='bbox 529 1127 901 1178; x_wconf 75' lang='lat' dir='ltr'><strong>eatayraphos</strong></span> <span class='ocrx_word' id='word_1_111' title='bbox 933 1125 1019 1180; x_wconf 80' lang='lat'>(25,</span> <span class='ocrx_word' id='word_1_112' title='bbox 1037 1125 1082 1172; x_wconf 80' lang='lat'><strong>7)</strong></span> <span class='ocrx_word' id='word_1_113' title='bbox 1121 1127 1167 1168; x_wconf 86' lang='lat' dir='ltr'><strong>ut</strong></span> <span class='ocrx_word' id='word_1_114' title='bbox 1196 1125 1478 1167; x_wconf 91' lang='lat' dir='ltr'><strong>vocabulorum</strong></span> <span class='ocrx_word' id='word_1_115' title='bbox 1506 1126 1663 1179; x_wconf 87' lang='lat' dir='ltr'><strong>praeter</strong></span> 
     </span>
     <span class='ocr_line' id='line_1_14' title="bbox 163 1197 1660 1254; baseline -0.003 -10"><span class='ocrx_word' id='word_1_116' title='bbox 163 1203 343 1245; x_wconf 87' lang='lat' dir='ltr'><strong>nostrum</strong></span> <span class='ocrx_word' id='word_1_117' title='bbox 374 1213 398 1243; x_wconf 91' lang='lat' dir='ltr'><strong>a</strong></span> <span class='ocrx_word' id='word_1_118' title='bbox 427 1200 509 1243; x_wconf 87' lang='lat' dir='ltr'><strong>solo</strong></span> <span class='ocrx_word' id='word_1_119' title='bbox 539 1199 670 1241; x_wconf 89' lang='lat' dir='ltr'><strong>Plinio</strong></span> <span class='ocrx_word' id='word_1_120' title='bbox 699 1200 992 1253; x_wconf 75' lang='lat' dir='ltr'><strong>usurpatorum.</strong></span> <span class='ocrx_word' id='word_1_121' title='bbox 1052 1200 1160 1252; x_wconf 91' lang='lat' dir='ltr'><strong>Nisi,</strong></span> <span class='ocrx_word' id='word_1_122' title='bbox 1192 1199 1296 1254; x_wconf 91' lang='lat' dir='ltr'><strong>quod</strong></span> <span class='ocrx_word' id='word_1_123' title='bbox 1325 1199 1466 1241; x_wconf 87' lang='lat' dir='ltr'><strong>multis</strong></span> <span class='ocrx_word' id='word_1_124' title='bbox 1494 1197 1660 1253; x_wconf 87' lang='lat' dir='ltr'><strong>placuit,</strong></span> 
     </span>
     <span class='ocr_line' id='line_1_15' title="bbox 163 1271 1661 1327; baseline -0.003 -9"><span class='ocrx_word' id='word_1_125' title='bbox 163 1276 230 1326; x_wconf 89' lang='lat'><strong>29,</strong></span> <span class='ocrx_word' id='word_1_126' title='bbox 249 1275 275 1318; x_wconf 92' lang='grc'>8</span> <span class='ocrx_word' id='word_1_127' title='bbox 315 1275 485 1315; x_wconf 76' lang='lat' dir='ltr'><strong>idonens</strong></span> <span class='ocrx_word' id='word_1_128' title='bbox 525 1271 704 1314; x_wconf 92' lang='lat' dir='ltr'><strong>codicum</strong></span> <span class='ocrx_word' id='word_1_129' title='bbox 742 1272 993 1314; x_wconf 86' lang='lat' dir='ltr'><strong>retinendum</strong></span> <span class='ocrx_word' id='word_1_130' title='bbox 1037 1274 1099 1315; x_wconf 87' lang='lat' dir='ltr'><strong>est</strong></span> <span class='ocrx_word' id='word_1_131' title='bbox 1136 1274 1395 1327; x_wconf 88' lang='lat' dir='ltr'><strong>praecedente</strong></span> <span class='ocrx_word' id='word_1_132' title='bbox 1433 1275 1531 1315; x_wconf 78' lang='lat' dir='ltr'><strong>haut</strong></span> <span class='ocrx_word' id='word_1_133' title='bbox 1570 1274 1661 1327; x_wconf 80' lang='lat' dir='ltr'><strong>(aut</strong></span> 
     </span>
     <span class='ocr_line' id='line_1_16' title="bbox 158 1345 1662 1404; baseline 0.001 -15"><span class='ocrx_word' id='word_1_134' title='bbox 158 1349 343 1404; x_wconf 73' lang='lat' dir='ltr'><strong>ydoneus</strong></span> <span class='ocrx_word' id='word_1_135' title='bbox 389 1345 579 1401; x_wconf 77' lang='lat' dir='ltr'><strong>(idoneus</strong></span> <span class='ocrx_word' id='word_1_136' title='bbox 618 1346 729 1388; x_wconf 87' lang='lat' dir='ltr'><strong>LCH</strong></span> <span class='ocrx_word' id='word_1_137' title='bbox 738 1349 784 1398; x_wconf 85' lang='lat' dir='ltr'><strong>p)</strong></span> <span class='ocrx_word' id='word_1_138' title='bbox 816 1347 917 1387; x_wconf 87' lang='lat' dir='ltr'><strong>GD¹</strong></span> <span class='ocrx_word' id='word_1_139' title='bbox 947 1347 1055 1387; x_wconf 85' lang='lat' dir='ltr'><strong>LCH</strong></span> <span class='ocrx_word' id='word_1_140' title='bbox 1066 1345 1137 1402; x_wconf 87' lang='lat' dir='ltr'><strong>p),</strong></span> <span class='ocrx_word' id='word_1_141' title='bbox 1181 1347 1264 1389; x_wconf 90' lang='lat' dir='ltr'><strong>illis</strong></span> <span class='ocrx_word' id='word_1_142' title='bbox 1304 1347 1558 1402; x_wconf 86' lang='lat' dir='ltr'><strong>adiungenda</strong></span> <span class='ocrx_word' id='word_1_143' title='bbox 1600 1347 1662 1390; x_wconf 86' lang='lat' dir='ltr'><strong>est</strong></span> 
     </span>
     <span class='ocr_line' id='line_1_17' title="bbox 162 1418 1659 1472; baseline 0.001 -11"><span class='ocrx_word' id='word_1_144' title='bbox 162 1420 289 1462; x_wconf 82' lang='lat' dir='ltr'><strong>forma</strong></span> <span class='ocrx_word' id='word_1_145' title='bbox 318 1420 352 1460; x_wconf 93' lang='lat' dir='ltr'><strong>A</strong></span> <span class='ocrx_word' id='word_1_146' title='bbox 367 1420 588 1469; x_wconf 67' lang='lat' dir='ltr'><strong>donea-e,</strong></span> <span class='ocrx_word' id='word_1_147' title='bbox 629 1431 749 1472; x_wconf 90' lang='lat' dir='ltr'><strong>quam</strong></span> <span class='ocrx_word' id='word_1_148' title='bbox 779 1418 908 1461; x_wconf 85' lang='lat' dir='ltr'><strong>Statio</strong></span> <span class='ocrx_word' id='word_1_149' title='bbox 939 1419 1139 1462; x_wconf 80' lang='lat' dir='ltr'><strong>debemus.</strong></span> <span class='ocrx_word' id='word_1_150' title='bbox 1199 1421 1321 1463; x_wconf 84' lang='lat' dir='ltr'><strong>Extat</strong></span> <span class='ocrx_word' id='word_1_151' title='bbox 1349 1421 1453 1463; x_wconf 90' lang='lat' dir='ltr'><strong>illud</strong></span> <span class='ocrx_word' id='word_1_152' title='bbox 1487 1421 1659 1463; x_wconf 87' lang='lat' dir='ltr'><strong>vocabu-</strong></span> 
     </span>
     <span class='ocr_line' id='line_1_18' title="bbox 159 1493 1660 1552; baseline 0.001 -17"><span class='ocrx_word' id='word_1_153' title='bbox 159 1493 244 1535; x_wconf 90' lang='lat' dir='ltr'><strong>lum</strong></span> <span class='ocrx_word' id='word_1_154' title='bbox 272 1493 377 1547; x_wconf 85' lang='lat' dir='ltr'><strong>apud</strong></span> <span class='ocrx_word' id='word_1_155' title='bbox 391 1493 583 1535; x_wconf 89' lang='lat' dir='ltr'><strong>Plautum</strong></span> <span class='ocrx_word' id='word_1_156' title='bbox 598 1493 704 1535; x_wconf 90' lang='lat' dir='ltr'><strong>Men.</strong></span> <span class='ocrx_word' id='word_1_157' title='bbox 726 1494 761 1545; x_wconf 93' lang='lat' dir='ltr'><strong>l,</strong></span> <span class='ocrx_word' id='word_1_158' title='bbox 783 1495 823 1546; x_wconf 94' lang='grc'><strong>2,</strong></span> <span class='ocrx_word' id='word_1_159' title='bbox 840 1494 916 1536; x_wconf 84' lang='lat'><strong>35:</strong></span> <span class='ocrx_word' id='word_1_160' title='bbox 954 1493 1059 1545; x_wconf 84' lang='lat' dir='ltr'><strong>,Ubi</strong></span> <span class='ocrx_word' id='word_1_161' title='bbox 1088 1493 1223 1547; x_wconf 88' lang='lat' dir='ltr'><strong>aquila</strong></span> <span class='ocrx_word' id='word_1_162' title='bbox 1241 1493 1487 1552; x_wconf 84' lang='lat' dir='ltr'><strong>Catamitum</strong></span> <span class='ocrx_word' id='word_1_163' title='bbox 1502 1494 1660 1548; x_wconf 87' lang='lat' dir='ltr'><strong>raperet</strong></span> 
     </span>
     <span class='ocr_line' id='line_1_19' title="bbox 159 1565 1659 1620; baseline 0.001 -12"><span class='ocrx_word' id='word_1_164' title='bbox 159 1567 230 1609; x_wconf 89' lang='lat' dir='ltr'><strong>aut</strong></span> <span class='ocrx_word' id='word_1_165' title='bbox 269 1566 338 1608; x_wconf 90' lang='lat' dir='ltr'><strong>ubi</strong></span> <span class='ocrx_word' id='word_1_166' title='bbox 378 1567 510 1608; x_wconf 88' lang='lat' dir='ltr'><strong>Venus</strong></span> <span class='ocrx_word' id='word_1_167' title='bbox 551 1565 783 1608; x_wconf 83' lang='lat' dir='ltr'><strong>Adoneum‘</strong></span> <span class='ocrx_word' id='word_1_168' title='bbox 827 1568 947 1620; x_wconf 84' lang='lat' dir='ltr'><strong>atque</strong></span> <span class='ocrx_word' id='word_1_169' title='bbox 985 1567 1275 1610; x_wconf 87' lang='lat' dir='ltr'><strong>conformatum</strong></span> <span class='ocrx_word' id='word_1_170' title='bbox 1323 1569 1384 1610; x_wconf 86' lang='lat' dir='ltr'><strong>est</strong></span> <span class='ocrx_word' id='word_1_171' title='bbox 1428 1567 1480 1611; x_wconf 87' lang='lat' dir='ltr'><strong>ad</strong></span> <span class='ocrx_word' id='word_1_172' title='bbox 1523 1579 1659 1610; x_wconf 86' lang='lat' dir='ltr'><strong>vocem</strong></span> 
     </span>
     <span class='ocr_line' id='line_1_20' title="bbox 159 1634 1389 1689; baseline 0.001 -7"><span class='ocrx_word' id='word_1_173' title='bbox 159 1640 353 1682; x_wconf 86' lang='lat' dir='ltr'><strong>Graecam</strong></span> <span class='ocrx_word' id='word_1_174' title='bbox 383 1634 406 1682; x_wconf 87' lang='grc' dir='ltr'>ὁ</span> <span class='ocrx_word' id='word_1_175' title='bbox 434 1634 640 1687; x_wconf 53' lang='lat' dir='ltr'><strong>&#39;Aeduos</strong></span> <span class='ocrx_word' id='word_1_176' title='bbox 669 1654 726 1681; x_wconf 74' lang='lat' dir='ltr'><strong><em>z</em></strong></span> <span class='ocrx_word' id='word_1_177' title='bbox 745 1635 927 1689; x_wconf 78' lang='grc' dir='ltr'><em>’Ἀδωνις</em></span> <span class='ocrx_word' id='word_1_178' title='bbox 956 1641 1078 1683; x_wconf 84' lang='lat' dir='ltr'><strong>Bekk.</strong></span> <span class='ocrx_word' id='word_1_179' title='bbox 1111 1640 1261 1683; x_wconf 88' lang='lat' dir='ltr'><strong>Anecd.</strong></span> <span class='ocrx_word' id='word_1_180' title='bbox 1293 1641 1389 1683; x_wconf 89' lang='lat'>346.</span> 
     </span>
    </p>

    <p class='ocr_par' dir='ltr' id='par_1_3' title="bbox 156 1712 1659 2725">
     <span class='ocr_line' id='line_1_21' title="bbox 271 1712 1655 1768; baseline 0 -13"><span class='ocrx_word' id='word_1_181' title='bbox 271 1714 358 1755; x_wconf 92' lang='lat' dir='ltr'><strong>Iam</strong></span> <span class='ocrx_word' id='word_1_182' title='bbox 401 1713 453 1755; x_wconf 90' lang='lat' dir='ltr'><strong>ad</strong></span> <span class='ocrx_word' id='word_1_183' title='bbox 492 1712 755 1755; x_wconf 85' lang='lat' dir='ltr'><strong>Graecanicas</strong></span> <span class='ocrx_word' id='word_1_184' title='bbox 798 1713 1050 1768; x_wconf 86' lang='lat' dir='ltr'><strong>pervenimus</strong></span> <span class='ocrx_word' id='word_1_185' title='bbox 1094 1714 1299 1757; x_wconf 90' lang='lat' dir='ltr'><strong>nominum</strong></span> <span class='ocrx_word' id='word_1_186' title='bbox 1342 1713 1511 1766; x_wconf 89' lang='lat' dir='ltr'><strong>formas,</strong></span> <span class='ocrx_word' id='word_1_187' title='bbox 1557 1725 1655 1767; x_wconf 87' lang='lat' dir='ltr'><strong>quas</strong></span> 
     </span>
     <span class='ocr_line' id='line_1_22' title="bbox 159 1786 1657 1842; baseline 0 -13"><span class='ocrx_word' id='word_1_188' title='bbox 159 1787 264 1841; x_wconf 87' lang='lat' dir='ltr'><strong>apud</strong></span> <span class='ocrx_word' id='word_1_189' title='bbox 293 1787 496 1830; x_wconf 88' lang='lat' dir='ltr'><strong>Catullum</strong></span> <span class='ocrx_word' id='word_1_190' title='bbox 526 1786 756 1840; x_wconf 85' lang='lat' dir='ltr'><strong>reperimus.</strong></span> <span class='ocrx_word' id='word_1_191' title='bbox 800 1787 862 1830; x_wconf 94' lang='lat' dir='ltr'><strong>Ac</strong></span> <span class='ocrx_word' id='word_1_192' title='bbox 891 1787 1065 1842; x_wconf 87' lang='lat' dir='ltr'><strong>primum</strong></span> <span class='ocrx_word' id='word_1_193' title='bbox 1095 1787 1255 1842; x_wconf 90' lang='lat' dir='ltr'><strong>quidem</strong></span> <span class='ocrx_word' id='word_1_194' title='bbox 1283 1787 1413 1831; x_wconf 89' lang='lat' dir='ltr'><strong>utitur</strong></span> <span class='ocrx_word' id='word_1_195' title='bbox 1430 1787 1657 1831; x_wconf 90' lang='lat' dir='ltr'><strong>nominibus</strong></span> 
     </span>
     <span class='ocr_line' id='line_1_23' title="bbox 158 1859 1657 1915; baseline 0.001 -13"><span class='ocrx_word' id='word_1_196' title='bbox 158 1860 327 1914; x_wconf 89' lang='lat' dir='ltr'><strong>propriis</strong></span> <span class='ocrx_word' id='word_1_197' title='bbox 356 1861 399 1902; x_wconf 92' lang='lat' dir='ltr'><strong>in</strong></span> <span class='ocrx_word' id='word_1_198' title='bbox 429 1875 452 1901; x_wconf 92' lang='lat' dir='ltr'><strong>e</strong></span> <span class='ocrx_word' id='word_1_199' title='bbox 481 1859 713 1902; x_wconf 84' lang='lat' dir='ltr'><strong>exeuntibus</strong></span> <span class='ocrx_word' id='word_1_200' title='bbox 743 1861 785 1903; x_wconf 89' lang='lat' dir='ltr'><strong>et</strong></span> <span class='ocrx_word' id='word_1_201' title='bbox 813 1861 919 1915; x_wconf 89' lang='lat' dir='ltr'><strong>apud</strong></span> <span class='ocrx_word' id='word_1_202' title='bbox 948 1861 1048 1904; x_wconf 89' lang='lat' dir='ltr'><strong>alios</strong></span> <span class='ocrx_word' id='word_1_203' title='bbox 1077 1861 1368 1906; x_wconf 89' lang='lat' dir='ltr'><strong>usitatissimis.</strong></span> <span class='ocrx_word' id='word_1_204' title='bbox 1430 1862 1495 1904; x_wconf 91' lang='lat' dir='ltr'><strong>Ita</strong></span> <span class='ocrx_word' id='word_1_205' title='bbox 1532 1861 1657 1903; x_wconf 87' lang='lat' dir='ltr'><strong>habe-</strong></span> 
     </span>
     <span class='ocr_line' id='line_1_24' title="bbox 159 1933 1658 1989; baseline 0.001 -14"><span class='ocrx_word' id='word_1_206' title='bbox 159 1946 247 1975; x_wconf 90' lang='lat' dir='ltr'><strong>mus</strong></span> <span class='ocrx_word' id='word_1_207' title='bbox 279 1934 477 1987; x_wconf 80' lang='lat' dir='ltr'><strong>Cybele</strong></span> <span class='ocrx_word' id='word_1_208' title='bbox 516 1933 579 1976; x_wconf 90' lang='lat' dir='ltr'><strong>vel</strong></span> <span class='ocrx_word' id='word_1_209' title='bbox 611 1934 822 1988; x_wconf 80' lang='lat' dir='ltr'><strong>Cybebe</strong></span> <span class='ocrx_word' id='word_1_210' title='bbox 851 1947 956 1977; x_wconf 90' lang='lat' dir='ltr'><strong>nom.</strong></span> <span class='ocrx_word' id='word_1_211' title='bbox 988 1935 1029 1977; x_wconf 89' lang='lat' dir='ltr'><strong>et</strong></span> <span class='ocrx_word' id='word_1_212' title='bbox 1058 1936 1187 1977; x_wconf 87' lang='lat' dir='ltr'><strong>vocat.</strong></span> <span class='ocrx_word' id='word_1_213' title='bbox 1218 1947 1251 1977; x_wconf 91' lang='lat' dir='ltr'><strong>c.</strong></span> <span class='ocrx_word' id='word_1_214' title='bbox 1283 1935 1359 1987; x_wconf 90' lang='lat'><strong>63,</strong></span> <span class='ocrx_word' id='word_1_215' title='bbox 1391 1936 1544 1976; x_wconf 85' lang='lat' dir='ltr'><strong>Acme</strong></span> <span class='ocrx_word' id='word_1_216' title='bbox 1573 1934 1658 1989; x_wconf 88' lang='lat'>(45,</span> 
     </span>
     <span class='ocr_line' id='line_1_25' title="bbox 164 2006 1658 2063; baseline 0 -14"><span class='ocrx_word' id='word_1_217' title='bbox 164 2008 215 2049; x_wconf 91' lang='lat'><strong>10</strong></span> <span class='ocrx_word' id='word_1_218' title='bbox 246 2008 286 2049; x_wconf 88' lang='lat' dir='ltr'><strong>et</strong></span> <span class='ocrx_word' id='word_1_219' title='bbox 314 2007 409 2061; x_wconf 87' lang='lat'>23),</span> <span class='ocrx_word' id='word_1_220' title='bbox 451 2008 731 2061; x_wconf 72' lang='lat' dir='ltr'><strong>Ayanippe</strong></span> <span class='ocrx_word' id='word_1_221' title='bbox 761 2007 845 2062; x_wconf 92' lang='lat'>(61,</span> <span class='ocrx_word' id='word_1_222' title='bbox 862 2007 952 2062; x_wconf 83' lang='lat'>30),</span> <span class='ocrx_word' id='word_1_223' title='bbox 984 2008 1125 2049; x_wconf 87' lang='lat' dir='ltr'><strong>Hebe</strong></span> <span class='ocrx_word' id='word_1_224' title='bbox 1157 2007 1241 2063; x_wconf 89' lang='lat'>(68,</span> <span class='ocrx_word' id='word_1_225' title='bbox 1262 2006 1385 2063; x_wconf 89' lang='lat'>116),</span> <span class='ocrx_word' id='word_1_226' title='bbox 1427 2007 1658 2062; x_wconf 86' lang='lat' dir='ltr'><strong>genetivum</strong></span> 
     </span>
     <span class='ocr_line' id='line_1_26' title="bbox 160 2078 1658 2135; baseline 0 -13"><span class='ocrx_word' id='word_1_227' title='bbox 160 2081 389 2134; x_wconf 78' lang='lat' dir='ltr'><strong>Cybeles</strong></span> <span class='ocrx_word' id='word_1_228' title='bbox 417 2082 458 2123; x_wconf 87' lang='lat' dir='ltr'><strong>et</strong></span> <span class='ocrx_word' id='word_1_229' title='bbox 490 2082 750 2135; x_wconf 78' lang='lat' dir='ltr'><strong>Cybebes,</strong></span> <span class='ocrx_word' id='word_1_230' title='bbox 790 2080 894 2134; x_wconf 92' lang='lat' dir='ltr'><strong>quod</strong></span> <span class='ocrx_word' id='word_1_231' title='bbox 922 2080 1119 2134; x_wconf 87' lang='lat' dir='ltr'><strong>posterius</strong></span> <span class='ocrx_word' id='word_1_232' title='bbox 1148 2093 1185 2122; x_wconf 90' lang='lat' dir='ltr'><strong>v.</strong></span> <span class='ocrx_word' id='word_1_233' title='bbox 1216 2078 1255 2132; x_wconf 87' lang='grc'><strong>9,</strong></span> <span class='ocrx_word' id='word_1_234' title='bbox 1286 2081 1353 2132; x_wconf 92' lang='grc'><strong>20,</strong></span> <span class='ocrx_word' id='word_1_235' title='bbox 1385 2081 1440 2124; x_wconf 83' lang='grc'><strong>85</strong></span> <span class='ocrx_word' id='word_1_236' title='bbox 1469 2079 1658 2123; x_wconf 88' lang='lat' dir='ltr'><strong>carminis</strong></span> 
     </span>
     <span class='ocr_line' id='line_1_27' title="bbox 159 2153 1659 2208; baseline 0.001 -13"><span class='ocrx_word' id='word_1_237' title='bbox 159 2154 214 2196; x_wconf 90' lang='lat'><strong>63</strong></span> <span class='ocrx_word' id='word_1_238' title='bbox 259 2154 322 2207; x_wconf 91' lang='lat' dir='ltr'><strong>(ut</strong></span> <span class='ocrx_word' id='word_1_239' title='bbox 370 2153 532 2208; x_wconf 79' lang='lat' dir='ltr'><strong>Cybebe</strong></span> <span class='ocrx_word' id='word_1_240' title='bbox 575 2167 612 2196; x_wconf 89' lang='lat' dir='ltr'><strong>v.</strong></span> <span class='ocrx_word' id='word_1_241' title='bbox 646 2154 701 2197; x_wconf 87' lang='lat'><strong>84</strong></span> <span class='ocrx_word' id='word_1_242' title='bbox 745 2155 786 2196; x_wconf 87' lang='lat' dir='ltr'><strong>et</strong></span> <span class='ocrx_word' id='word_1_243' title='bbox 823 2153 875 2198; x_wconf 90' lang='lat'><strong>91</strong></span> <span class='ocrx_word' id='word_1_244' title='bbox 909 2167 954 2196; x_wconf 83' lang='lat' dir='ltr'><strong>ex</strong></span> <span class='ocrx_word' id='word_1_245' title='bbox 1000 2153 1164 2208; x_wconf 84' lang='lat' dir='ltr'><strong>Cybele)</strong></span> <span class='ocrx_word' id='word_1_246' title='bbox 1209 2154 1464 2197; x_wconf 87' lang='lat' dir='ltr'><strong>emendatum</strong></span> <span class='ocrx_word' id='word_1_247' title='bbox 1507 2155 1569 2198; x_wconf 88' lang='lat' dir='ltr'><strong>est</strong></span> <span class='ocrx_word' id='word_1_248' title='bbox 1613 2166 1659 2197; x_wconf 84' lang='lat' dir='ltr'><strong>ex</strong></span> 
     </span>
     <span class='ocr_line' id='line_1_28' title="bbox 160 2228 1659 2283; baseline 0.001 -15"><span class='ocrx_word' id='word_1_249' title='bbox 160 2228 352 2281; x_wconf 73' lang='lat' dir='ltr'><strong>Cybeles,</strong></span> <span class='ocrx_word' id='word_1_250' title='bbox 393 2228 487 2282; x_wconf 88' lang='lat' dir='ltr'><strong>quia</strong></span> <span class='ocrx_word' id='word_1_251' title='bbox 515 2228 637 2283; x_wconf 87' lang='lat' dir='ltr'><strong>longa</strong></span> <span class='ocrx_word' id='word_1_252' title='bbox 667 2228 824 2283; x_wconf 88' lang='lat' dir='ltr'><strong>syllaba</strong></span> <span class='ocrx_word' id='word_1_253' title='bbox 853 2229 984 2272; x_wconf 90' lang='lat' dir='ltr'><strong>media</strong></span> <span class='ocrx_word' id='word_1_254' title='bbox 1014 2229 1285 2282; x_wconf 84' lang='lat' dir='ltr'><strong>desideratur,</strong></span> <span class='ocrx_word' id='word_1_255' title='bbox 1324 2230 1524 2283; x_wconf 87' lang='lat' dir='ltr'><strong>postremo</strong></span> <span class='ocrx_word' id='word_1_256' title='bbox 1554 2229 1659 2270; x_wconf 82' lang='lat' dir='ltr'><strong>Ar-</strong></span> 
     </span>
     <span class='ocr_line' id='line_1_29' title="bbox 159 2299 1655 2357; baseline 0.001 -15"><span class='ocrx_word' id='word_1_257' title='bbox 159 2302 340 2342; x_wconf 73' lang='lat' dir='ltr'><strong>sinoes</strong></span> <span class='ocrx_word' id='word_1_258' title='bbox 370 2300 455 2354; x_wconf 91' lang='lat'>(66,</span> <span class='ocrx_word' id='word_1_259' title='bbox 471 2299 562 2357; x_wconf 88' lang='lat'><strong>54).</strong></span> <span class='ocrx_word' id='word_1_260' title='bbox 592 2301 831 2345; x_wconf 90' lang='lat' dir='ltr'><strong>Accusativo</strong></span> <span class='ocrx_word' id='word_1_261' title='bbox 860 2302 994 2356; x_wconf 87' lang='lat' dir='ltr'><strong>posuit</strong></span> <span class='ocrx_word' id='word_1_262' title='bbox 1022 2302 1090 2354; x_wconf 87' lang='lat'><strong>45,</strong></span> <span class='ocrx_word' id='word_1_263' title='bbox 1111 2304 1131 2345; x_wconf 94' lang='lat'>1</span> <span class='ocrx_word' id='word_1_264' title='bbox 1151 2305 1191 2345; x_wconf 92' lang='lat' dir='ltr'><strong>et</strong></span> <span class='ocrx_word' id='word_1_265' title='bbox 1213 2304 1265 2346; x_wconf 89' lang='lat'><strong>21</strong></span> <span class='ocrx_word' id='word_1_266' title='bbox 1285 2304 1487 2356; x_wconf 83' lang='lat' dir='ltr'><strong>Acmen,</strong></span> <span class='ocrx_word' id='word_1_267' title='bbox 1518 2302 1584 2354; x_wconf 90' lang='lat'>64,</span> <span class='ocrx_word' id='word_1_268' title='bbox 1607 2303 1655 2345; x_wconf 93' lang='grc'><strong>11</strong></span> 
     </span>
     <span class='ocr_line' id='line_1_30' title="bbox 159 2374 1657 2431; baseline 0.002 -17"><span class='ocrx_word' id='word_1_269' title='bbox 159 2374 525 2426; x_wconf 74' lang='lat' dir='ltr'><strong>Amphitriten</strong></span> <span class='ocrx_word' id='word_1_270' title='bbox 555 2374 666 2429; x_wconf 89' lang='lat' dir='ltr'><strong>(nam</strong></span> <span class='ocrx_word' id='word_1_271' title='bbox 683 2399 738 2406; x_wconf 92' lang='lat'>—</span> <span class='ocrx_word' id='word_1_272' title='bbox 755 2389 848 2428; x_wconf 88' lang='lat' dir='ltr'><strong>em,</strong></span> <span class='ocrx_word' id='word_1_273' title='bbox 881 2375 983 2428; x_wconf 91' lang='lat' dir='ltr'><strong>quod</strong></span> <span class='ocrx_word' id='word_1_274' title='bbox 1002 2375 1154 2418; x_wconf 86' lang='lat' dir='ltr'><strong>codices</strong></span> <span class='ocrx_word' id='word_1_275' title='bbox 1183 2376 1345 2429; x_wconf 90' lang='lat' dir='ltr'><strong>habent,</strong></span> <span class='ocrx_word' id='word_1_276' title='bbox 1376 2375 1657 2431; x_wconf 88' lang='lat' dir='ltr'><strong>corrigendum</strong></span> 
     </span>
     <span class='ocr_line' id='line_1_31' title="bbox 158 2446 1658 2503; baseline 0.002 -15"><span class='ocrx_word' id='word_1_277' title='bbox 158 2448 240 2497; x_wconf 82' lang='lat' dir='ltr'><strong>est3</strong></span> <span class='ocrx_word' id='word_1_278' title='bbox 285 2446 333 2489; x_wconf 88' lang='lat' dir='ltr'><strong>cf.</strong></span> <span class='ocrx_word' id='word_1_279' title='bbox 366 2447 484 2489; x_wconf 90' lang='lat' dir='ltr'><strong>Neuii</strong></span> <span class='ocrx_word' id='word_1_280' title='bbox 514 2460 575 2502; x_wconf 88' lang='lat' dir='ltr'><strong>gr.</strong></span> <span class='ocrx_word' id='word_1_281' title='bbox 608 2449 653 2491; x_wconf 90' lang='lat' dir='ltr'><strong>L.</strong></span> <span class='ocrx_word' id='word_1_282' title='bbox 684 2448 704 2490; x_wconf 97' lang='lat' dir='ltr'>I</span> <span class='ocrx_word' id='word_1_283' title='bbox 733 2461 801 2503; x_wconf 88' lang='lat' dir='ltr'><strong>pg.</strong></span> <span class='ocrx_word' id='word_1_284' title='bbox 832 2449 887 2492; x_wconf 84' lang='lat'><strong>59</strong></span> <span class='ocrx_word' id='word_1_285' title='bbox 924 2449 1013 2503; x_wconf 73' lang='lat' dir='ltr'><strong>ex).</strong></span> <span class='ocrx_word' id='word_1_286' title='bbox 1072 2449 1149 2491; x_wconf 89' lang='lat' dir='ltr'><strong>His</strong></span> <span class='ocrx_word' id='word_1_287' title='bbox 1194 2449 1317 2491; x_wconf 87' lang='lat' dir='ltr'><strong>etiam</strong></span> <span class='ocrx_word' id='word_1_288' title='bbox 1362 2449 1566 2491; x_wconf 87' lang='lat' dir='ltr'><strong>addendus</strong></span> <span class='ocrx_word' id='word_1_289' title='bbox 1596 2450 1658 2491; x_wconf 86' lang='lat' dir='ltr'><strong>cst</strong></span> 
     </span>
     <span class='ocr_line' id='line_1_32' title="bbox 158 2520 1658 2575; baseline 0.002 -14"><span class='ocrx_word' id='word_1_290' title='bbox 158 2520 407 2563; x_wconf 84' lang='lat' dir='ltr'><strong>accusativus</strong></span> <span class='ocrx_word' id='word_1_291' title='bbox 436 2521 589 2575; x_wconf 89' lang='lat' dir='ltr'><strong>primae</strong></span> <span class='ocrx_word' id='word_1_292' title='bbox 611 2521 889 2564; x_wconf 88' lang='lat' dir='ltr'><strong>declinationis</strong></span> <span class='ocrx_word' id='word_1_293' title='bbox 920 2523 1124 2565; x_wconf 79' lang='lat' dir='ltr'><strong>Booten</strong></span> <span class='ocrx_word' id='word_1_294' title='bbox 1153 2535 1199 2565; x_wconf 83' lang='lat' dir='ltr'><strong>ex</strong></span> <span class='ocrx_word' id='word_1_295' title='bbox 1229 2522 1475 2566; x_wconf 89' lang='lat' dir='ltr'><strong>nominativo</strong></span> <span class='ocrx_word' id='word_1_296' title='bbox 1506 2523 1658 2564; x_wconf 74' lang='lat' dir='ltr'><strong>Bootes</strong></span> 
     </span>
     <span class='ocr_line' id='line_1_33' title="bbox 160 2591 1656 2650; baseline 0.003 -16"><span class='ocrx_word' id='word_1_297' title='bbox 160 2591 398 2636; x_wconf 87' lang='lat' dir='ltr'><strong>descendens</strong></span> <span class='ocrx_word' id='word_1_298' title='bbox 430 2595 498 2646; x_wconf 92' lang='lat'><strong>66,</strong></span> <span class='ocrx_word' id='word_1_299' title='bbox 515 2595 568 2636; x_wconf 81' lang='lat'><strong>67</strong></span> <span class='ocrx_word' id='word_1_300' title='bbox 602 2593 698 2650; x_wconf 90' lang='lat' dir='ltr'><strong>(nisi</strong></span> <span class='ocrx_word' id='word_1_301' title='bbox 728 2595 816 2648; x_wconf 90' lang='lat' dir='ltr'><strong>quis</strong></span> <span class='ocrx_word' id='word_1_302' title='bbox 846 2596 997 2650; x_wconf 86' lang='lat' dir='ltr'><strong>probet,</strong></span> <span class='ocrx_word' id='word_1_303' title='bbox 1024 2620 1078 2627; x_wconf 90' lang='lat'><em>—</em></span> <span class='ocrx_word' id='word_1_304' title='bbox 1110 2611 1172 2638; x_wconf 91' lang='lat' dir='ltr'><strong>em</strong></span> <span class='ocrx_word' id='word_1_305' title='bbox 1200 2596 1379 2639; x_wconf 89' lang='lat' dir='ltr'><strong>codicum</strong></span> <span class='ocrx_word' id='word_1_306' title='bbox 1408 2596 1656 2639; x_wconf 87' lang='lat' dir='ltr'><strong>retinendum</strong></span> 
     </span>
     <span class='ocr_line' id='line_1_34' title="bbox 156 2666 1656 2725; baseline 0.004 -18"><span class='ocrx_word' id='word_1_307' title='bbox 156 2678 252 2718; x_wconf 85' lang='lat' dir='ltr'><strong>esse,</strong></span> <span class='ocrx_word' id='word_1_308' title='bbox 283 2666 341 2709; x_wconf 87' lang='lat' dir='ltr'><strong>ita</strong></span> <span class='ocrx_word' id='word_1_309' title='bbox 369 2668 414 2710; x_wconf 90' lang='lat' dir='ltr'><strong>ut</strong></span> <span class='ocrx_word' id='word_1_310' title='bbox 433 2667 684 2710; x_wconf 88' lang='lat' dir='ltr'><strong>accusativus</strong></span> <span class='ocrx_word' id='word_1_311' title='bbox 715 2668 858 2712; x_wconf 86' lang='lat' dir='ltr'><strong>tertiae</strong></span> <span class='ocrx_word' id='word_1_312' title='bbox 888 2668 1163 2712; x_wconf 87' lang='lat' dir='ltr'><strong>declinationis</strong></span> <span class='ocrx_word' id='word_1_313' title='bbox 1193 2668 1280 2725; x_wconf 89' lang='lat' dir='ltr'><strong>sit).</strong></span> <span class='ocrx_word' id='word_1_314' title='bbox 1327 2670 1430 2712; x_wconf 88' lang='lat' dir='ltr'><strong>Tum</strong></span> <span class='ocrx_word' id='word_1_315' title='bbox 1459 2669 1656 2713; x_wconf 85' lang='lat' dir='ltr'><strong>secundae</strong></span> 
     </span>
    </p>
   </div>
  </div>
 </body>
</html>
