1716 3164
12 258 317 351 {declinationis
369 300 500 331 accus.
547 289 722 331 Athon
775 290 861 346 (66,
891 289 967 347 46)
1010 291 1134 345 dixit,
1175 293 1358 337 vocativo
1408 294 1555 338 tertiae

0 352 281 430 &Amastri
312 361 484 419 (4,13)‚
520 363 681 405 Peleu
713 363 911 422 (64‚26),
944 367 1150 410 Theseu
1179 368 1264 423 (64,
1282 369 1338 412 69
1369 370 1410 412 et
1444 371 1558 422 133),

105 451 164 482 us,
197 439 362 480 Pelea
405 435 492 494 (64,
509 438 562 480 21
596 440 637 481 et
666 439 768 494 301)
799 452 872 494 pro
903 441 1089 491 Poleam,
1136 443 1343 486 Thesea
1372 443 1458 499 (64,
1475 444 1560 487 239

105 513 207 570 245)
237 525 310 568 pro
344 514 552 566 Theseum,
583 513 632 556 de
663 513 810 568 quibus
842 515 998 559 Charis.
1030 516 1050 558 I
1085 517 1139 560 14
1167 529 1236 572 pg.
1267 518 1346 560 27:
1382 518 1560 572 „Quam-

31 589 95 633 vis
134 587 278 643 regula
318 586 429 630 dicat
467 587 658 639 Peleum,
701 589 839 631 tamen
869 589 991 632 Pelea
1021 590 1193 633 dicimus
1233 591 1276 634 in
1305 593 1558 644 accusativo;

16 662 224 708 ftsimfliter
253 663 296 705 et
324 662 368 704 in
397 661 582 705 vocativo
612 676 635 705 o
657 663 807 718 Tydeu.
855 664 964 706 Nam
994 664 1149 708 Graeca
1180 666 1396 710 declinatio
1426 668 1560 722 magis

33 735 44 745 ‘
111 736 204 780 istis
243 736 405 780 casibus
444 737 743 792 praeponitur.“
806 737 1006 782 Similiter
1046 740 1327 784 accusativum
1357 741 1559 785 Graecum

31 813 295 856 servaverunt
315 814 493 854 Minoa
510 810 598 868 (64,
615 811 704 868 85),
737 813 1075 867 Propontida
1107 814 1167 871 (4,
1185 813 1246 871 9),
1265 817 1559 860 Amathunta

33 885 122 944 (36,
141 886 235 944 14),
275 888 497 946 Ancona
538 887 626 943 (36,
647 889 711 931 13.
743 887 794 930 cf.
828 888 950 931 Neuii
980 901 1042 944 gr.
1073 890 1118 932 L.
1149 891 1170 932 I
1199 903 1268 946 pg.
1300 892 1424 947 333),
1467 892 1557 947 qui-

26 951 107 1006 bus
136 976 276 1005 aera
318 963 406 1019 (66,
424 963 493 1006 53.
525 964 647 1004 aeria
676 963 807 1011 LCH)
847 962 996 1005 addam
1025 965 1066 1006 et
1095 966 1326 1007 aethera
1366 966 1453 1021 (63,
1469 967 1556 1022 40),

23 1038 190 1093 praeter
232 1037 371 1092 poetas
415 1037 542 1080 etiam
586 1049 611 1079 a
655 1035 843 1080 Cicerone
886 1039 1104 1092 usurpata,
1154 1040 1357 1093 postremo
1403 1042 1557 1083 Attin

31 1112 121 1168 (63,
137 1111 227 1167 42).
272 1112 364 1155 Non
386 1111 520 1154 minus
549 1111 593 1154 in
622 1125 698 1155 usu
716 1114 778 1155 est
798 1113 906 1167 apud
930 1115 1069 1168 poetas
1099 1114 1354 1158 accusativus
1383 1115 1556 1170 pluralis

26 1187 175 1231 tertiae
204 1186 486 1230 declinationis
515 1186 559 1228 in
589 1200 670 1239 as,
703 1187 816 1230 cuius
847 1189 1029 1243 exempla
1058 1188 1166 1242 apud
1197 1189 1405 1232 Catullum
1436 1192 1554 1234 sunt:

15 1247 198 1315 3264,391
233 1263 532 1317 Thyiadas,
573 1262 656 1314 4‚7
691 1263 989 1316 Cycladas,
1030 1263 1098 1316 55,
1116 1264 1170 1307 27
1206 1266 1557 1318 plumipedas

14 1337 254 1392 (plumidas
292 1338 328 1379 L
342 1338 357 1365 ¹
392 1338 652 1391 plumipedes
692 1339 731 1379 D
746 1339 780 1389 ¹,
812 1338 918 1392 quod
953 1338 1237 1382 Lachmannus
1280 1339 1467 1394 recepit).
1500 1363 1555 1370 —-

0 1410 227 1509 {Genetivo
267 1411 373 1467 sing.
405 1411 591 1455 Catullus
636 1412 705 1465 66,
722 1412 779 1454 54
808 1413 1078 1455 Locridos
1121 1413 1283 1456 videtur
1322 1413 1469 1458 dixisse
1509 1427 1556 1457 ex

0 1486 208 1581 {codicum
237 1486 440 1542 scriptura
470 1486 776 1541 corruptissima
805 1486 1115 1530 restituendum.

141 1562 253 1616 Quae
286 1574 393 1605 nunc
423 1574 661 1617 componam
699 1562 831 1606 multo
861 1562 996 1605 minus
1027 1563 1135 1618 apud
1163 1564 1366 1607 Romanos
1405 1563 1448 1606 in
1480 1577 1554 1607 usu

8 1636 191 1681 fuerunt
219 1650 342 1692 quam
371 1637 421 1680 de
443 1637 588 1692 quibus
610 1650 732 1692 supra
753 1637 970 1692 disputavi,
1002 1638 1169 1693 ideoque
1194 1639 1246 1681 ab
1275 1639 1360 1682 illis
1385 1639 1552 1683 seiunxi.

9 1712 95 1765 2264,
110 1713 194 1756 247
218 1714 429 1756 Minoidi
453 1711 586 1770 (codd.
603 1713 805 1766 minoida)
836 1714 878 1756 et
903 1714 971 1765 66,
990 1714 1045 1756 70
1074 1715 1246 1768 Tethyi
1275 1713 1409 1765 (codd.
1432 1713 1552 1770 theti)

12 1786 204 1843 'legimus
243 1790 260 1830 i
299 1790 573 1843 correpta,
615 1788 839 1831 cuiusmodi
879 1788 975 1831 bina
1025 1789 1186 1843 praeter
1232 1789 1333 1832 haec
1371 1789 1555 1844 exempla

27 1861 152 1906 Statii
190 1862 235 1905 in
270 1863 452 1907 medium
490 1863 644 1919 profert
678 1863 834 1907 Neuius
874 1876 936 1919 gr.
968 1863 1014 1906 L.
1045 1864 1066 1905 I
1095 1875 1162 1918 pg.
1194 1863 1293 1907 309.
1326 1886 1382 1894 —
1411 1864 1480 1915 66,
1497 1863 1553 1906 66

26 1939 138 1982 extat
157 1937 319 1982 dativus
343 1940 558 1982 Callisto
588 1938 655 1994 (cf.
674 1939 707 1982 Ι.
724 1940 773 1981 R.
790 1939 831 1981 N
832 1951 919 1993 cap.
941 1939 1074 1982 5218:
1105 1936 1256 1993 Erato)
1289 1938 1553 1982 addubitatus

17 2025 52 2056 :a
78 2013 210 2057 Neuio
238 2013 312 2057 1.1.
329 2026 398 2069 pg.
415 2014 513 2056 310.
576 2013 715 2056 Etiam
745 2013 853 2068 apud
882 2012 984 2056 alios
1013 2012 1057 2055 in
1085 2026 1161 2056 usu
1191 2015 1253 2057 est
1283 2015 1414 2057 neutr.
1446 2014 1551 2069 plur.

13 2089 222 2143 Tempe,
253 2088 359 2144 quod
389 2089 497 2143 apud
524 2090 709 2132 nostrum
738 2090 802 2131 ter
831 2087 944 2130 extat
976 2088 1062 2145 (64,
1094 2089 1162 2132 35.
1195 2089 1294 2133 285.
1325 2090 1441 2142 286),
1472 2101 1552 2132 non

25 2175 120 2208 vero
147 2163 250 2208 item
275 2179 338 2220 pe
351 2166 498 2219 layo,
544 2165 651 2220 quod
691 2177 822 2208 accus.
854 2165 959 2220 plur.
991 2163 1060 2215 63,
1081 2164 1134 2207 16
1174 2163 1402 2206 coniectura
1430 2162 1552 2206 resti-

13 2227 163 2294 [tntum
191 2240 255 2283 est
285 2237 354 2296 (cf.
378 2239 580 2284 Schwabii
609 2240 744 2283 annot.
767 2239 820 2282 ad
840 2239 881 2281 h.
903 2234 978 2295 v.)'.
1010 2240 1185 2292 Petam·
1215 2237 1397 2280 codicum
1419 2237 1552 2280 Lach-

26 2326 200 2358 mannus
238 2314 430 2369 retinuit,
472 2327 592 2370 quem
631 2315 765 2370 genet.
797 2314 978 2357 eiusdem
1008 2313 1194 2357 vocabuli
1233 2312 1302 2366 63,
1320 2313 1376 2358 88
1419 2311 1550 2368 (codd.

17 2389 191 2446 pelayo)
221 2391 264 2433 et
292 2390 361 2443 64,
394 2390 491 2434 127.
521 2391 604 2435 185
634 2390 822 2445 legimus.
869 2390 1079 2433 Postremo
1109 2401 1156 2433 ex
1185 2388 1414 2432 coniectura
1442 2387 1551 2431 veri-

25 2464 239 2509 simillima
255 2465 452 2510 habemus
473 2466 541 2519 66,
558 2466 615 2509 48
646 2478 737 2521 gen.
754 2465 858 2520 plur.
892 2465 1047 2521 Ghaly
1061 2466 1160 2507 bon
1192 2462 1376 2521 (celitum
1404 2462 1550 2518 codd),

0 2554 12 2606 {⁷
27 2541 134 2595 quod
162 2541 366 2585 Politiano
396 2541 600 2593 debemus,
633 2541 701 2593 64,
719 2541 802 2584 287
835 2540 918 2583 dat.
949 2540 1055 2594 plur.
1073 2541 1113 2582 N
1123 2541 1310 2582 aiasin
1340 2538 1552 2594 (Minosim

0 2618 7 2674 ξ
27 2617 102 2657 GD
116 2616 130 2643 ¹
146 2617 181 2659 L
191 2614 256 2672 p),
288 2616 395 2671 quod
408 2616 615 2671 Hauptius
633 2615 805 2659 correxit
826 2615 893 2670 (cf.
911 2613 1225 2657 Mitscherlichii
1254 2614 1346 2659 lect.
1364 2626 1431 2670 pg.
1447 2614 1549 2657 133:

0 2696 7 2756 ζ
31 2690 145 2743 ‚Hoc
159 2691 299 2734 tamen
314 2704 361 2734 ex
381 2693 498 2735 tanta
515 2690 700 2735 lectionis
723 2690 920 2734 varietate
941 2689 1044 2732 mihi
1059 2689 1273 2732 adsecutus
1295 2701 1380 2731 esse
1399 2688 1549 2742 videor,
