1716 3164
808 184 1088 227 ...16-

200 300 323 342 latere
352 297 510 352 aliquod
539 298 612 340 sub
642 296 705 339 his
734 295 922 339 monstris
952 307 1105 346 nomen,
1135 306 1212 348 quo
1242 292 1438 348 nymphas
1468 292 1509 334 et
1538 290 1573 335 G
1603 310 1666 329 ειν

200 372 358 426 quidem
388 370 549 412 flexione
580 370 760 413 Catullus
790 367 1124 423 indigitaverit“).
1170 365 1347 408 Eandem
1369 364 1677 408 termination

200 448 391 488 Graecam
429 444 580 498 primus
621 444 768 494 Varro,
811 442 901 484 inde
939 440 1149 494 aliquoties
1179 437 1410 492 Propertius
1449 437 1678 492 Ονὶᾶίυεῳ·

200 518 478 560 adhibuerunt.
500 540 549 546 —
579 515 722 557 Rarius
754 515 876 557 etiam
906 514 1078 568 legimus
1108 525 1250 554 nomen
1279 511 1567 566 appellativum
1597 503 1683 554 ta1=i

199 591 314 644 quale
343 591 409 640 61,
431 590 510 632 194
545 590 869 642 parthenice
913 599 984 640 pro
1020 587 1276 639 parthenium
1305 583 1450 636 Plinii,
1480 596 1506 626 a
1534 582 1679 627 catull

199 663 281 706 solo
310 663 547 713 adhibitum,
579 663 619 703 et
645 663 807 714 polim
815 665 1037 714 psexton
1065 656 1348 708 accusativum,
1380 656 1448 710 qui
1477 655 1678 701 restituen'

200 736 272 777 dus
303 735 459 777 videtur
487 736 598 786 22‚5
628 747 673 776 ex
708 735 837 787 palmi
875 738 990 784 septo
1030 730 1223 774 codicum.
1258 753 1303 759 -
1340 731 1407 781 66,
1425 729 1480 772 94
1509 729 1644 772 Catull
1676 748 1681 763 -·

200 810 329 851 forma
377 809 578 849 Oarion
622 820 693 861 pro
739 807 866 848 Orion
909 805 1057 858 utitur,
1104 805 1171 857 64,
1188 805 1271 848 285
1314 804 1385 846 aut
1423 803 1616 844 Penios
1645 813 1690 847 ez

202 882 393 924 librorum
423 881 662 934 optimorum
691 880 929 922 auctoritate
957 881 1028 921 aut
1057 880 1284 920 Peneios
1328 890 1419 920 cum
1450 879 1486 918 D
1515 875 1687 919 scriben'

199 955 293 996 dum
314 956 374 996 est
405 955 567 1008 (Penios
596 956 658 995 G³
679 954 762 995 LH
784 956 926 1006 penies
955 954 1036 995 GC
1058 955 1229 1006 peneios
1258 953 1325 993 D¹
1350 964 1504 1004 peneos
1533 949 1634 1006 dp).
1679 994 1684 996 r

309 1027 466 1079 Restat,
506 1028 552 1069 ut
581 1027 629 1068 de
658 1025 852 1068 adiectivo
892 1038 1016 1068 unum
1054 1037 1256 1077 moneam,
1297 1023 1401 1078 quod
1429 1022 1530 1065 mihi
1559 1023 1621 1065 est
1650 1021 1660 1031 '
1674 1039 1695 1079 υ

201 1101 397 1153 promptu.

311 1174 434 1215 Poeta
462 1174 595 1214 noster
624 1172 658 1214 si
687 1172 802 1214 modo
824 1173 891 1223 29,
908 1172 962 1215 23
984 1171 1144 1225 scripsit
1169 1171 1472 1224 piis-simei,
1502 1181 1578 1222 quo
1606 1167 1638 1210 l
1676 1185 1695 1205 ι-

200 1246 369 1288 multum
399 1246 480 1287 iam
510 1259 534 1288 a
563 1246 659 1288 viris
679 1245 805 1288 doctis
835 1247 1007 1288 tractato
1029 1245 1181 1287 codices
1204 1245 1316 1286 GDH
1327 1257 1355 1297 p
1386 1244 1698 1296 opulentissime

200 1321 240 1361 et
259 1320 327 1361 LC
339 1321 398 1369 [Ρ
409 1320 454 1368 1]
483 1321 840 1372 oppulentis-simae
856 1319 1053 1371 exhibent,
1083 1331 1200 1361 usum
1215 1316 1481 1370 antiquiorem
1509 1316 1689 1368 retinuit,

199 1404 314 1445 quem
344 1392 554 1446 scriptores
593 1392 746 1434 mediae
775 1394 816 1434 et
845 1392 1004 1434 infimae
1032 1391 1250 1434 latinitatis
1280 1391 1406 1432 denuo
1435 1390 1689 1444 adoptarunt.

199 1466 326 1516 Quam
379 1465 547 1507 formam
591 1477 615 1506 a
658 1465 843 1508 Cicerone
885 1465 992 1508 Phil.
1038 1465 1142 1507 XIII
1189 1465 1240 1508 19
1293 1465 1339 1507 ut
1382 1477 1460 1506 non
1502 1463 1694 1506 Latinam

199 1537 386 1579 reiectam
415 1539 455 1579 et
474 1538 515 1579 in
541 1537 862 1592 inscriptionibus
893 1539 933 1580 et
952 1538 1057 1592 apud
1087 1538 1298 1592 scriptores
1312 1536 1498 1591 Augusto
1518 1536 1688 1579 minores
1699 1531 1711 1579 ἰ,

200 1610 413 1664 reperimus
455 1610 521 1666 (cf.
554 1611 671 1654 Neuii
701 1624 762 1665 gr.
794 1612 838 1654 L.
870 1612 911 1653 II
940 1624 1006 1666 pg.
1037 1613 1104 1655 82.
1163 1613 1207 1654 L.
1241 1611 1426 1654 Muelleri
1463 1611 1532 1655 lib.
1570 1611 1618 1653 de
1646 1622 1712 1662 re}

200 1687 313 1727 metr.
344 1697 410 1738 pg.
442 1683 559 1739 385).
1702 1675 1716 1746 ij

426 2134 517 2198 De
558 2133 998 2201 declinatione
1040 2138 1461 2219 pronominis.

309 2276 368 2318 De
396 2278 462 2319 mi
491 2290 560 2331 pro
599 2277 700 2320 mihi
740 2278 846 2322 dicto
885 2279 934 2322 cf.
966 2292 1066 2334 quae
1106 2280 1210 2323 infra
1239 2283 1342 2336 part.
1374 2281 1410 2324 V
1439 2281 1481 2323 in
1510 2280 1686 2324 medium

198 2349 357 2401 protuli.

312 2424 345 2463 T
353 2429 433 2465 ete
462 2436 589 2468 accus.
619 2425 868 2480 geminatus,
905 2427 973 2480 qui
1003 2439 1035 2470 c.
1070 2429 1162 2480 101,
1180 2429 1208 2471 5
1237 2430 1358 2482 extat,
1391 2429 1593 2473 rarissime
1621 2429 1684 2472 in-

198 2496 353 2538 venitur
383 2498 504 2551 (apud
533 2499 680 2551 Plaut,
712 2499 883 2552 Terent,
915 2500 1052 2553 Cicer„
1083 2501 1261 2557 Appul.).
1712 2545 1716 2556 .

309 2570 563 2615 Nominativo
607 2573 761 2615 numeri
804 2574 970 2628 pluralis
1001 2587 1070 2628 pro
1107 2577 1184 2617 hae
1216 2575 1397 2619 Catullus
1427 2577 1556 2618 haec
1584 2574 1685 2619 dixit
1713 2557 1716 2568 ε

198 2643 264 2695 64,
280 2644 364 2687 320
392 2659 437 2687 ex
467 2646 707 2700 optimorum
737 2647 929 2692 librorum
959 2649 1209 2703 auctoritate,
1241 2650 1307 2704 qui
1338 2652 1412 2693 hec
1439 2650 1588 2693 habent
1618 2650 1682 2707 (L.
