1716 3164
809 224 857 230 -
916 202 972 243 44
1039 225 1084 230 --

204 317 326 357 totus
361 316 423 357 18.
1016 311 1130 355 unfus
1164 315 1228 355 18.

203 370 395 413 tremulus
426 369 491 412 39.
1015 368 1199 411 uvidulus
1229 371 1298 413 36.

203 427 313 468 tristi
342 427 409 469 22.
1015 438 1158 468 vacuos
1189 439 1291 467 nom.
1322 427 1390 469 30.

203 482 330 524 tristis
362 496 447 523 acc.
476 484 532 534 pl.
569 482 630 523 12.
1017 481 1253 523 Veraniolus
1284 483 1351 525 36.

203 538 470 592 Troiugenum
505 539 566 579 10.
1015 550 1175 580 vemens
1205 538 1271 580 26.

203 597 292 636 tuor
323 595 387 636 20.
1014 595 1130 636 verbi
1160 595 1381 636 declinatio
1414 595 1465 638 19
1495 608 1552 648 sq.

202 653 290 693 tuos
319 664 421 692 nom.
453 650 520 691 30.
1016 650 1121 692 verei
1151 650 1218 703 33.

205 707 348 749 turben
379 707 417 750 8.
1016 707 1286 749 Veronensum
1322 709 1382 749 11.

203 763 430 816 turgidulus
460 762 527 804 37.
1015 763 1234 805 versiculus
1264 765 1332 807 38.

202 822 317 873 turpe
346 818 524 860 incedere
565 819 621 860 19.
1016 820 1173 861 vetulus
1203 821 1271 862 39.

203 875 422 929 turpiculus
452 875 520 917 37.
1015 876 1132 918 viden
1161 877 1228 919 27.

203 935 395 986 typanum
421 944 498 983 pro
537 933 772 985 tympanum
811 931 877 972 28.
1016 935 1161 974 vinciet
1190 932 1257 974 23.

203 1002 228 1030 u
255 1002 332 1040 pro
362 988 376 1029 i
406 988 473 1030 31.
1016 988 1192 1031 vinclum
1221 990 1289 1032 27.

203 1057 249 1086 -u
276 1058 354 1096 pro
383 1044 444 1085 -ui
477 1045 518 1084 in
549 1044 631 1085 dat.
664 1044 703 1085 9.
1016 1045 1185 1087 violasse
1215 1046 1282 1087 21.

202 1113 290 1143 -um
318 1114 395 1153 pro
424 1113 558 1142 -arum
589 1105 628 1140 et
657 1112 790 1142 ·orum
815 1101 878 1142 10.
1016 1101 1147 1143 virum
1173 1115 1251 1154 pro
1280 1101 1454 1144 virorum
1489 1103 1552 1144 11.

202 1170 289 1199 -um
317 1171 392 1210 pro
413 1156 516 1198 -ium
537 1160 579 1197 in
592 1158 791 1208 qeneuvis
815 1159 879 1199 11.
1016 1158 1101 1200 volt
1129 1158 1196 1201 31.

203 1226 278 1255 une
312 1214 374 1256 18.
1016 1214 1232 1257 volturium
1261 1216 1330 1258 31.

202 1270 326 1324 ungui
357 1271 439 1311 abl.
474 1271 538 1312 10.
1017 1272 1150 1313 voster
1179 1272 1246 1314 30.

202 1327 270 1367 uni
297 1340 374 1378 pro
405 1326 520 1367 unius
554 1328 617 1369 18.
851 1359 860 1373 ,
1017 1327 1157 1369 zonula
1185 1327 1252 1369 37.
