1716 3164
781 218 1061 262 ‚36-

173 329 213 370 in
253 329 402 371 observ.
444 329 570 371 critic.
616 330 718 371 libro
765 341 845 383 ‹pg
885 331 973 378 14);
1020 330 1089 372 sed
1132 331 1334 383 complura
1375 330 1523 375 omisit.
1583 330 1669 387 Ego

173 401 353 455 equidem
394 401 640 444 deminutiva
679 401 852 452 Catulli,
898 414 998 455 quae
1038 404 1293 458 septuaginta
1337 404 1418 446 fere
1457 407 1571 456 sunt,
1614 405 1698 449 ita

173 486 425 528 componam,
464 476 509 516 ut
537 475 710 529 primum
741 488 786 516 ea
817 487 1014 524 enarrem,
1047 488 1146 529 quae
1175 476 1280 530 apud
1311 476 1514 519 Catullum
1543 478 1671 522 solum

172 550 328 597 extant,
361 548 452 589 inde
482 560 581 601 quae
611 547 762 589 rariora
792 550 833 590 et
862 548 1080 590 vetustiora
1111 548 1296 591 videntur
1326 563 1432 600 esse,
1473 553 1671 605 postremo

172 621 402 675 divulgata,
448 634 548 675 quae
589 622 712 663 etiam
752 621 856 674 apud
896 621 996 663 alios
1036 622 1248 675 scriptores
1288 623 1536 678 maximeque
1565 624 1670 678 apud

171 693 381 748 scriptores
412 707 553 736 aureae
583 695 729 736 aetatis
760 696 853 736 sunt
883 695 924 735 in
957 708 1040 737 usu.

285 768 344 810 Ac
383 768 555 822 primum
596 767 754 820 quidem
796 767 900 820 apud
941 768 1146 811 Catullum
1195 770 1346 825 solum,
1386 771 1489 823 quod
1528 771 1666 817 sciam.

170 842 343 895 legimus
373 842 515 884 haece:

376 919 412 958 1.
459 916 743 958 Substantiva:

282 991 348 1039 25,
366 990 393 1032 2
423 991 620 1031 auricilla
651 988 801 1042 (coni.),

281 1064 346 1112 68,
365 1064 392 1105 2
422 1064 663 1116 epistolium,

280 1136 346 1185 55,
366 1136 390 1177 7
422 1137 601 1188 femella.

279 1209 345 1259 25,
363 1209 389 1250 2
420 1210 638 1249 medullula
670 1208 799 1260 (codd.
834 1209 1042 1258 medullam,

282 1283 346 1332 10,
364 1284 390 1325 3
421 1283 660 1331 scortulum,

278 1356 344 1405 67,
363 1356 412 1397 21
446 1357 580 1396 sicula
610 1355 632 1395 i.
666 1368 696 1397 e.
731 1355 813 1396 sica
844 1366 979 1408 parva,
1011 1355 1206 1397 translate
1235 1368 1305 1408 pro
1335 1357 1523 1407 mentula,

277 1429 344 1478 99,
362 1430 388 1470 2
417 1430 458 1470 et
493 1429 542 1470 14
571 1430 798 1469 suaviolum
828 1428 891 1469 vel
920 1430 1130 1470 saviolum.

370 1503 408 1544 2.
457 1501 690 1545 Adiectiva:

278 1574 344 1625 64,
364 1575 447 1618 316
479 1576 683 1627 aridulus,

277 1646 344 1696 57,
363 1648 386 1689 7
419 1649 659 1697 eradicatus,

278 1720 344 1770 61,
365 1720 444 1763 193
469 1720 699 1772 floridulus,

278 1794 345 1844 25,
363 1794 390 1835 2
421 1796 579 1843 imulas,

277 1866 344 1917 63,
361 1867 417 1909 35
447 1868 627 1909 lassulus
659 1867 881 1923 (Hauptius
911 1867 1076 1921 omisit),

276 1939 344 1988 25,
364 1940 417 1983 10
446 1942 703 1992 mollicellas,

277 2011 343 2064 69,
361 2013 389 2055 4
415 2015 697 2067 perlucidulus
729 2017 792 2058 vel
816 2017 1109 2069 pellucidum,

277 2085 344 2136 66,
361 2086 416 2128 63
446 2088 635 2128 uvidulus
667 2087 819 2143 (coni).

343 2159 515 2202 Nomina
536 2161 695 2215 propria
715 2161 973 2212 deminutiva,
994 2173 1094 2214 quae
1114 2161 1330 2213 separatim
1361 2162 1526 2214 profero,
1550 2166 1659 2206 sunt:

276 2232 344 2282 59,
365 2233 385 2274 1
417 2234 595 2286 Rutulus
627 2233 779 2289 (coni),

276 2306 416 2356 45,13
446 2308 706 2360 Septumiuus
739 2307 892 2364 (coni),

282 2379 342 2428 12,
365 2379 414 2420 17
446 2381 487 2421 et
515 2380 584 2431 47,
604 2380 631 2422 3
670 2382 925 2423 Veraniolus.

276 2451 419 2494 Rarius
441 2454 481 2494 et
501 2452 717 2506 plurimum
739 2455 843 2508 apud
864 2455 1043 2497 auctores
1065 2458 1137 2498 aut
1152 2456 1396 2509 antiquiores
1417 2459 1488 2500 aut
1503 2457 1658 2500 mediae

163 2522 371 2566 infimaeve
400 2526 634 2569 Latinitatis
665 2527 784 2570 haece
814 2528 1052 2582 reperimus:

369 2599 405 2640 1.
437 2597 718 2642 Substantiva:

277 2672 343 2719 61,
363 2673 439 2714 181
484 2673 732 2714 brachiolum
781 2675 845 2727 (de
885 2672 1047 2718 brachio
1086 2675 1258 2717 hominis
1302 2676 1375 2718 hoe
1420 2676 1502 2718 solo
1547 2676 1654 2726 loeo;
