1716 3164
775 222 1052 264 ...26-

168 422 217 449 ne
248 408 287 449 in
317 409 426 452 codd.
460 409 568 450 GLH
596 408 699 450 inest
739 407 818 462 (me
851 406 917 447 Ι)1
950 409 992 446 ni
1025 407 1094 458 Cp
1112 406 1174 458 d),
1218 406 1299 448 (1.2
1330 418 1379 444 ne
1409 403 1449 444 in
1479 403 1661 447 omnibus

168 483 316 538 legitur
346 482 480 531 libris;
511 481 622 531 6,14
651 480 759 522 codd.
792 493 881 530 nec,
912 492 988 521 uno
1019 479 1103 520 loco
1137 478 1218 528 (45,
1236 479 1283 524 3)
1315 479 1358 518 ni
1388 476 1549 519 habent.

279 555 374 597 Alia
418 554 595 607 exempla
640 554 932 603 contractioniS,
983 565 1082 605 quae
1126 551 1230 604 apud
1275 550 1480 593 Catullum
1519 549 1659 604 reperi,
1710 589 1716 592 .

168 629 263 670 haec
303 628 406 669 sunt.
449 627 612 677 64,151
656 628 894 668 deessem
932 627 978 668 ut
1018 625 1260 678 disyllabum
1311 622 1659 677 pronuntiandum,
1708 607 1716 714 ¹

167 701 224 743 ita
262 703 306 742 ut
337 701 493 742 dessem
524 701 688 751 evadat,
730 701 898 742 fortasse
938 699 1061 740 etiam
1101 697 1354 739 scribendum
1383 697 1464 746 est,
1506 697 1554 739 de
1584 709 1660 750 quo
1708 718 1716 760 ἓ

167 775 209 816 L.
242 774 411 815 Mueller
440 774 466 815 1.
499 774 525 815 1.
557 786 623 827 pg.
656 773 759 815 253:
801 773 943 826 „desse
984 774 1024 814 et
1064 773 1234 813 dirrare
1275 770 1475 812 constanti
1505 783 1659 824 semper
1710 768 1716 873 i

168 859 239 889 usu
271 847 454 889 dicitur.“
488 847 554 897 50,
572 847 623 889 21
656 860 862 887 vemens
901 846 1020 888 metri
1056 858 1174 888 causa
1203 843 1495 886 restituendum
1525 844 1586 885 est
1614 856 1660 886 ex
1711 876 1716 893 ,

167 922 375 961 vehemens
403 919 582 961 codicum
611 919 676 971 (cf.
709 920 871 961 Lachm.
904 919 954 960 ad
984 919 1098 960 Lucr.
1131 931 1197 972 pg.
1232 918 1312 960 133
1343 918 1384 959 et
1412 918 1456 960 L.
1490 917 1661 960 Mueller
1710 897 1716 974 Ξ

102 1047 106 1050 ,
166 994 193 1036 1.
225 994 251 1035 1.
283 1005 349 1047 pg.
381 993 502 1047 253);
539 994 649 1044 38‚2
689 994 992 1034 mehercule
1031 992 1160 1034 tribus
1200 990 1366 1046 syllabis
1405 991 1506 1033 dixit
1544 991 1661 1044 poeta
1713 978 1716 1038 ’ἵ

166 1068 308 1118 noster,
340 1068 578 1120 quapropter
606 1067 837 1107 mercule
868 1066 967 1107 mihi
1007 1065 1190 1119 equidem
1220 1065 1379 1107 videtur
1408 1065 1659 1107 scribendum

166 1153 249 1183 esse
289 1140 354 1193 (cf.
386 1141 549 1183 Lachm.
586 1140 636 1182 ad
676 1141 790 1182 Lucr.
831 1152 897 1193 pg.
934 1140 1042 1191 152).
1112 1138 1202 1180 Non
1242 1138 1374 1180 minus
1413 1138 1519 1180 enim
1558 1137 1660 1180 illud

166 1214 413 1268 probandum
443 1215 514 1264 est,
547 1226 666 1266 quam
696 1214 762 1263 25,
785 1213 836 1254 13
867 1215 1130 1265 deprensa
1162 1213 1432 1267 (deprehensa
1448 1210 1658 1267 GLCHp),

164 1287 264 1338 55‚7
293 1288 469 1339 prendi
489 1288 707 1340 (prehendi
723 1287 867 1328 GLCH
881 1287 909 1326 d
919 1300 947 1338 p
972 1284 1238 1340 perdidiD¹)
1262 1286 1530 1339 reponendum
1560 1297 1657 1336 esse,

166 1359 269 1413 quod
299 1360 457 1413 quidem
487 1359 585 1402 locis
616 1359 683 1413 qui
714 1360 932 1412 sequuntur
948 1360 1054 1401 recte
1084 1359 1125 1400 in
1155 1358 1356 1400 codicibus
1386 1360 1531 1401 saltem
1560 1371 1658 1402 non-

166 1433 287 1475 nullis
318 1433 511 1486 scriptum
541 1435 622 1475 est:
655 1434 722 1484 56,
740 1434 767 1475 5
797 1434 1056 1484 deprendi
1087 1435 1120 1474 G
1152 1432 1418 1487 (deprehendi
1438 1435 1584 1475 DLGH
1595 1437 1658 1486 p),

165 1507 231 1557 62,
248 1507 304 1549 35
334 1508 672 1559 comprendis
687 1508 760 1547 DL
792 1505 1089 1561 (comperendis
1119 1508 1150 1547 Τ
1169 1509 1478 1560 comprehendis
1502 1508 1574 1548 CH
1583 1521 1613 1560 p
1629 1510 1662 1549 G

164 1579 231 1622 sed
251 1579 292 1620 in
314 1582 348 1621 G
367 1592 444 1622 ras.
468 1579 598 1633 corn),
629 1580 773 1633 fragm.
805 1580 831 1621 6
861 1581 1244 1631 indeprensus,
1276 1580 1310 1622 si
1332 1580 1447 1622 modo
1465 1579 1660 1623 Catullia-

165 1665 260 1694 num
302 1651 368 1708 (cf.
401 1652 598 1695 Schwabii
637 1653 802 1707 notam).
836 1677 885 1681 —
919 1654 1087 1703 61‚220
1126 1666 1197 1707 pro
1237 1655 1568 1695 semihiante
1599 1655 1661 1708 (ex

163 1727 239 1768 sed
274 1728 372 1767 mihi
411 1732 506 1767 ante
545 1729 579 1768 G
618 1728 788 1776 (michi)
834 1727 1020 1779 DLCHp
1060 1725 1253 1779 correcto)
1299 1729 1600 1768 semkiante
1645 1729 1661 1769 ι’

165 1799 291 1854 priore
321 1800 456 1842 demta
484 1800 820 1854 pronuntiandum
849 1802 976 1851 certe,
1013 1801 1180 1843 fortasse
1209 1801 1306 1842 item
1337 1802 1382 1843 ut
1411 1802 1581 1852 dessem,
1612 1800 1661 1843 de

165 1885 240 1926 quo
282 1873 397 1915 modo
441 1872 527 1927 egi,
573 1873 823 1915 scribendum
869 1874 950 1923 est,
992 1886 1081 1915 cum
1121 1887 1340 1925 semesum,
1385 1877 1660 1926 semmurum,

164 1947 294 1989 cetera
323 1946 426 1987 bona
455 1946 636 1988 nitantur
656 1946 834 1988 codicum
857 1947 1095 1989 auctoritate
1127 1948 1189 2003 (L.
1207 1947 1377 1989 Mueller
1396 1948 1423 1990 1.
1440 1948 1464 1989 l.
1493 1960 1559 2001 pg.
1577 1948 1663 1990 260

165 2020 237 2073 in.)
268 2042 321 2049 —
350 2020 417 2070 40,
440 2022 460 2062 l
493 2020 674 2062 Catullus
704 2021 913 2061 Ravide
951 2020 1193 2075 disyllabum
1239 2020 1391 2074 posuit,
1434 2021 1538 2074 quod
1567 2033 1660 2074 pro-

165 2093 429 2136 nuntiandum
458 2105 542 2136 esse
573 2095 754 2135 Raude
789 2094 930 2135 docent
959 2106 1049 2135 cum
1079 2094 1282 2136 contracta
1312 2093 1384 2134 illa
1413 2095 1659 2147 naufrayus,

163 2169 421 2218 nauculatur,
452 2172 575 2208 nauta
595 2170 658 2217 (ex
688 2169 854 2208 navita
884 2167 1118 2221 antiquiore,
1150 2167 1253 2220 quod
1283 2167 1387 2220 apud
1403 2166 1488 2209 Cat.
1506 2166 1660 2218 64‚174

163 2242 365 2283 servatum
396 2242 468 2291 est,
499 2241 647 2293 ortum)
677 2242 763 2282 tum
781 2241 885 2294 quod
900 2242 1097 2284 Ciceronis
1120 2241 1420 2282 narratiuncula
1449 2240 1514 2294 (de
1534 2239 1657 2283 divin.

164 2313 204 2355 11
233 2314 304 2367 40)
343 2314 500 2355 constat
537 2312 642 2355 idem
681 2313 805 2355 ferme
844 2314 1021 2356 sonuisse
1062 2316 1249 2356 Cauneas
1288 2316 1329 2357 et
1363 2326 1463 2356 cave
1492 2327 1541 2355 ne
1571 2326 1656 2356 eas.

164 2387 252 2429 Non
284 2399 375 2428 vero
414 2386 572 2428 videtur
611 2387 813 2439 probanda
853 2387 892 2429 N
893 2387 1001 2429 obbii
1041 2388 1105 2441 (de
1144 2389 1260 2431 metr.
1293 2388 1380 2431 Cat.
1411 2388 1454 2430 Π
1483 2400 1549 2443 pg.
1581 2385 1655 2440 24)

163 2459 277 2511 ratio,
309 2460 376 2513 qui
406 2460 510 2502 hunc
527 2473 684 2502 versum
714 2460 755 2501 in
778 2473 940 2502 numero
955 2473 1141 2502 versuum
1161 2461 1505 2515 hypermetrorum
1535 2460 1656 2511 ducit,

163 2546 327 2587 quorum
358 2546 456 2586 quae
480 2534 519 2574 in
538 2533 713 2576 vocalem
738 2533 818 2575 exit
839 2535 994 2588 syllaba
1016 2534 1158 2575 ultima
1180 2547 1268 2576 cum
1299 2534 1428 2588 prima
1458 2534 1656 2587 sequentis

164 2618 299 2647 versus
329 2618 405 2646 non
435 2605 641 2647 scribendo
671 2606 829 2658 quidem
861 2607 928 2648 sed
958 2607 1250 2660 pronuntiando
1279 2609 1340 2649 est
1370 2607 1654 2661 coniungenda.

163 2678 319 2721 —Iam
351 2680 395 2721 ut
423 2680 518 2720 dein
547 2680 588 2722 et
618 2681 776 2730 deinde,
807 2692 906 2734 quae
926 2680 1090 2734 antiqno
1109 2682 1215 2722 certe
1245 2682 1421 2734 tempore
1440 2681 1655 2735 diphthon-
