1716 3164
660 202 714 211 -
777 174 831 222 19
891 203 946 210 -

735 298 869 356 111.

569 406 662 472 De
705 408 1043 475 adverbio.

159 522 282 565 Haud
329 522 506 565 alienum
547 524 598 566 ab
638 524 713 567 hoc
762 525 849 568 loco
900 525 978 568 erit
1027 526 1220 569 adverbia
1265 539 1498 581 componere
1542 539 1566 569 a

0 571 201 662 {Catullo
230 610 310 640 non
340 598 392 640 ad
424 612 542 641 usum
574 599 854 653 quotidianum
891 601 1151 644 conformata.
1205 602 1422 645 Nonnullis
1453 601 1565 656 equi-

0 642 133 715 ἷξᾶε111
161 672 260 715 locis
290 675 567 717 accusativum
598 675 780 718 neutrius
810 676 970 730 generis
1001 678 1171 731 usurpat
1200 690 1271 731 pro
1302 677 1492 719 adverbio
1522 677 1564 719 in

0 746 162 853 ξ-ἱίεν
201 750 389 807 exeunte:
431 749 545 801 42,8
588 755 742 804 turpe
783 752 999 803 incedere,
1047 753 1158 803 61‚7
1206 765 1374 794 suave
1415 753 1565 793 olentis

7 832 9 859 ἱ
39 826 232 876 amar-ici,
264 825 331 876 61,
349 825 434 868 219
466 827 624 867 dulce
655 827 819 878 rideat,
856 826 908 868 ad
939 826 1044 880 quod
1074 826 1178 869 illud
1208 826 1371 870 Horatii
1402 839 1564 881 compa-

12 951 13 954 *
39 912 197 941 ramus:
231 900 352 940 dulce
372 901 572 941 ridentem
595 901 783 954 Lalayen
806 902 967 952 amabo,
1000 903 1120 943 dulce
1147 903 1386 955 loquentem.
1429 900 1566 955 Magis

39 973 278 1016 offendimus
308 974 351 1015 in
382 974 572 1017 adverbio
600 978 791 1028 penite
824 975 1035 1032 (61‚178:
1086 979 1255 1030 poenite
1285 978 1320 1019 L
1356 978 1500 1030 ponite
1531 977 1569 1017 H

0 1051 190 1108 ÷penitet
220 1050 330 1102 11¹),
377 1050 483 1102 quod
527 1050 602 1092 hoc
647 1050 731 1093 solo
772 1050 858 1093 loco
897 1050 1072 1105 legimus
1113 1064 1184 1105 pro
1218 1053 1385 1104 penitus
1414 1050 1566 1093 usitato

39 1123 200 1178 (6214
235 1137 356 1167 versu
396 1137 442 1166 ex
483 1125 567 1167 solo
608 1125 694 1167 cod.
730 1126 762 1165 T
789 1126 970 1178 1·,ecepto
1012 1127 1080 1177 66,
1099 1125 1178 1176 23;
1213 1126 1308 1178 102,
1326 1125 1375 1175 2;
1418 1125 1486 1177 95,
1502 1123 1566 1180 5).

0 1212 6 1218 ’·
38 1199 123 1245 Nec
162 1199 296 1241 minus
336 1199 535 1242 notabilia
575 1201 670 1242 sunt
709 1199 902 1242 adverbia
939 1203 1186 1252 puriter,
1218 1200 1324 1254 quod
1360 1199 1440 1242 bis
1455 1198 1567 1241 extat

38 1274 145 1328 apud
174 1275 357 1317 nostrum
391 1273 478 1330 (76,
499 1275 552 1317 19
584 1275 625 1316 et
654 1274 722 1325 39,
747 1274 818 1315 14:
846 1276 1010 1326 pariter
1041 1276 1114 1327 Hp
1143 1276 1202 1324 [L
1218 1278 1308 1325 r]),
1349 1272 1566 1327 aliquoties

38 1349 145 1404 apud
175 1349 381 1401 Catonem,
413 1351 455 1392 et
483 1363 580 1402 pro
587 1351 808 1402 per-iter
837 1349 976 1402 Frgm.
1008 1349 1048 1400 4,
1088 1348 1124 1390 si
1163 1335 1282 1391 modo
1312 1361 1405 1390 cum
1434 1347 1566 1390 Nonio

38 1424 198 1469 Catullo
243 1424 526 1467 attribuendus
572 1426 635 1466 est
679 1437 819 1466 versus
867 1423 934 1479 (cf.
969 1423 1170 1466 Schwabii
1214 1425 1351 1466 annot.
1394 1422 1447 1465 ad
1491 1422 1566 1464 hoc

29 1498 197 1555 ·'frgm.),
229 1499 455 1543 cuiusmodi
485 1498 689 1541 adverbiis
719 1498 871 1540 litteris
902 1500 1011 1539 -iter
1042 1498 1274 1540 terminatis
1304 1496 1457 1539 Ennius
1488 1496 1566 1538 im-

37 1575 182 1629 primis
212 1588 308 1617 usus
350 1576 439 1617 erat
467 1587 514 1616 ex
545 1586 726 1616 sermone
757 1573 919 1627 vulgari
948 1573 1166 1627 usurpatis,
1198 1586 1299 1626 quae
1329 1572 1457 1615 Prisc.
1489 1571 1566 1614 XV

39 1663 107 1704 pg.
143 1651 253 1692 1010
284 1649 520 1704 composuit.

743 1907 860 1964 1v.

381 2030 474 2096 De
518 2028 972 2094 declinatione
1014 2026 1223 2091 verbi.

154 2159 277 2202 Initio
318 2158 542 2214 particulae
583 2158 631 2200 (le
662 2157 775 2200 verbi
817 2155 1086 2199 declinatione
1125 2155 1248 2197 liceat
1278 2154 1380 2196 mihi
1424 2157 1564 2197 notare

38 2238 227 2278 solvendi
267 2236 434 2278 verbum
474 2247 498 2276 a
537 2233 697 2276 Catullo
739 2233 802 2274 ter
833 2244 925 2273 cum
965 2245 992 2272 u
1034 2229 1163 2272 vocali
1202 2229 1433 2272 adhibitum
1464 2242 1562 2280 esse,

38 2311 231 2353 volvendi
272 2311 440 2352 verbum
490 2309 566 2352 bis.
638 2308 747 2361 Quae
789 2306 952 2360 quidem
998 2306 1049 2348 ab
1095 2304 1326 2347 auctoribus
1373 2304 1562 2359 elegiacis

38 2388 198 2442 saepius
228 2387 288 2429 ita
317 2388 412 2429 sunt
442 2387 649 2440 usurpata,
697 2384 803 2426 unde
834 2383 1030 2437 probatur
1059 2381 1182 2423 verba
1212 2380 1285 2421 illa
1315 2394 1341 2421 u
1371 2380 1562 2423 habuisse

38 2462 216 2504 mediam
241 2462 348 2504 inter
368 2461 549 2503 vocalem
581 2461 621 2502 et
644 2470 870 2509 consonam,
902 2455 1081 2510 antiquis
1111 2455 1283 2496 fortasse
1313 2455 1561 2509 temporibus

37 2550 193 2579 meram
223 2536 415 2580 vocalem.
477 2534 571 2578 Loci
601 2546 695 2576 vero
726 2545 823 2586 quos
855 2531 943 2574 dico
974 2531 1063 2573 hice
1094 2531 1208 2572 sunt:
1242 2530 1356 2581 2,13
1385 2533 1563 2573 soluit

38 2611 163 2665 (apud
203 2610 457 2654 Schwabium
491 2609 623 2661 1¹³6),
666 2607 807 2658 61‚53
837 2608 1077 2657 solenne,
1120 2606 1189 2655 66,
1207 2605 1261 2647 38
1295 2606 1561 2657 dissolvo,

39 2686 105 2735 66,
125 2685 178 2727 74
209 2687 451 2726 ‹ez-olnam
496 2693 585 2736 (pro
619 2684 759 2723 evolem
800 2681 996 2722 librorum
1037 2682 1144 2722 certa
1182 2679 1411 2720 coniectura
1442 2681 1562 2722 resti-

1285 2760 1337 2794 2*
