1716 3164
658 203 938 249 -29-

38 331 140 376 alios
157 330 318 375 Catullo
348 330 536 382 minores,
570 332 605 374 si
623 333 778 375 codices
801 332 1018 387 sequimur,
1051 332 1307 375 scribendum
1329 334 1403 376 est.
1444 332 1565 388 Apud

10 407 248 452 'Catullum
276 420 352 450 vox
380 409 470 450 nati
501 407 565 450 vel
612 414 735 450 natae
780 422 835 461 qn
881 408 1031 451 litteris
1078 407 1229 463 scripta
1275 407 1485 450 duodecies
1524 408 1566 450 in

37 483 156 527 libris
185 482 373 526 omnibus
403 495 527 525 manu
558 483 722 538 scriptis
762 482 868 526 inest
898 484 1060 537 excepto
1090 495 1156 535 eo,
1187 483 1292 537 quod
1323 484 1390 535 67,
1408 482 1463 526 23
1494 495 1566 537 pro

14 581 19 583 >
37 561 155 614 quati
197 558 241 600 in
285 557 371 600 cod.
404 558 445 599 Η
471 560 574 610 nati,
606 559 674 610 67,
692 559 748 602 30
792 558 900 600 idem
946 557 988 600 in
1036 558 1120 600 cod.
1156 561 1235 610 D¹,
1278 558 1347 610 64,
1366 559 1451 601 349
1495 571 1566 613 pro

38 640 255 688 qnatorum
286 632 329 674 in
359 633 445 675 cod.
477 634 516 674 D
546 640 736 675 natorum
767 617 961 687 scriptum
994 634 1116 685 extat,
1149 635 1190 676 et
1220 633 1391 685 64,119
1422 646 1494 687 pro
1525 635 1568 674 in

38 715 172 763 gnata
201 709 286 751 cod.
319 710 353 750 G
384 708 492 751 solus
524 710 698 762 inynata
728 708 901 751 exhibet.
952 709 1001 750 In
1031 708 1123 750 aliis
1155 708 1358 750 codicibus
1390 721 1464 751 vox
1494 707 1567 750 illa

41 785 229 839 corrupta
259 785 322 826 est
362 783 433 825 sed
475 783 648 825 servatis
689 782 839 825 litteris
869 797 936 836 9²²·
997 783 1078 825 Ubi
1122 796 1211 826 vero
1252 783 1380 826 voluit
1421 782 1566 837 corripi

40 859 222 902 vocalem
251 870 556 913 praegressam,
599 871 755 912 semper
786 870 881 900 usus
924 860 986 900 est
1026 857 1208 900 breviore
1249 858 1392 901 forma.
1452 857 1566 910 Quod

39 933 187 988 septies
217 932 332 975 nobis
362 932 557 984 occurrit,
589 932 734 986 quibus
764 932 863 974 locis
884 945 1021 975 omnes
1052 933 1309 976 consentiunt
1338 932 1456 984 libri;
1488 945 1566 975 uno

41 1007 128 1050 loco
158 1008 299 1050 oct-,avo
330 1007 398 1058 64,
417 1007 500 1050 298
541 1009 758 1061 gnatisque
788 1006 970 1049 codicum
1002 1008 1119 1049 GLC
1146 1007 1188 1049 in
1217 1010 1409 1062 natisque
1439 1008 1566 1051 corri-

42 1082 221 1138 gendum
250 1083 324 1125 est.
387 1081 539 1134 Quater
579 1082 761 1136 (10,15;
794 1082 862 1132 62,
880 1081 957 1132 21;
990 1082 1184 1134 64,400;
1217 1083 1405 1138 68,120)
1445 1089 1568 1124 natus

43 1157 108 1199 vel
151 1163 252 1198 nata
295 1157 338 1198 in
382 1156 569 1199 omnibus
616 1156 734 1198 libris
780 1155 907 1208 inest,
959 1169 1050 1197 cum
1097 1169 1217 1198 causa
1259 1156 1331 1199 illa
1372 1156 1567 1199 brevioris

43 1232 195 1274 formae
225 1231 477 1273 adhibendae
509 1243 587 1272 non
616 1231 810 1273 obtineat.

758 1501 874 1558 VI.

45 1620 480 1693 Quaestiones
548 1621 914 1687 nonnullae
985 1622 1567 1705 orthographicae.

159 1750 220 1793 De
249 1750 313 1803 iis,
345 1763 446 1805 quae
467 1764 572 1794 nunc
593 1751 826 1793 disserenda
845 1750 947 1792 mihi
977 1750 1178 1805 proposui,
1209 1763 1301 1793 cum
1332 1750 1384 1793 ad
1413 1763 1568 1793 meram

45 1824 378 1880 orthographiam
406 1826 650 1880 pertineant,
683 1838 810 1879 neque
839 1825 1009 1867 metrica
1039 1825 1194 1868 ratione
1224 1826 1271 1868 ut
1299 1825 1342 1867 in
1372 1825 1435 1877 iis,
1467 1837 1569 1879 quae

43 1900 164 1954 paulo
193 1901 287 1943 ante
317 1901 534 1955 composui,
566 1901 825 1952 adiuvemur,
858 1900 1146 1943 difficillimam
1177 1900 1453 1954 quaestionem
1483 1913 1570 1942 esse

43 1975 79 2017 is
108 1974 332 2030 intelleget,
365 1975 434 2029 qui
464 1977 652 2017 naturam
675 1975 857 2017 codicum
887 1988 1101 2029 eorumque
1132 1976 1311 2018 aetatem
1341 1976 1568 2018 accuratius

43 2049 314 2104 inquisiverit.
360 2049 613 2104 Quapropter
632 2050 674 2091 in
695 2050 759 2091 his
781 2050 890 2092 haud
912 2050 1133 2104 quidquam
1153 2050 1225 2104 pro
1252 2051 1360 2092 certo
1391 2051 1570 2092 statuere

32 2114 278 2179 bossumus,
325 2126 507 2168 attamen
547 2139 594 2167 ex
634 2125 838 2168 nonnullis
890 2124 1072 2167 codicum
1122 2124 1308 2179 vestigiis
1357 2124 1453 2166 licet
1497 2137 1568 2167 nos

44 2199 223 2254 primum
252 2200 421 2253 efficere,
454 2213 559 2255 quae
589 2201 631 2243 in
662 2201 828 2254 antiquo
859 2200 963 2243 libro
981 2199 1200 2242 Veronensi
1224 2199 1375 2254 scripta
1405 2199 1568 2251 fuerint,

44 2276 86 2317 et
115 2275 209 2318 inde
239 2275 430 2328 conicere,
462 2288 565 2330 quae
596 2275 781 2319 Catullus
812 2275 898 2330 ipse
929 2274 1148 2328 scripserit.

160 2350 218 2393 Ut
247 2350 300 2393 ab
330 2364 405 2393 usu
436 2365 460 2392 o
491 2350 641 2393 vocalis
673 2351 828 2402 ordiar,
860 2363 907 2392 ea
938 2349 1123 2393 Catullus
1153 2361 1264 2391 more
1294 2347 1568 2402 antiquiorum

45 2424 204 2479 saepius
233 2425 395 2468 videtur
424 2439 520 2468 usus
551 2438 637 2468 esse
667 2425 737 2467 ubi
766 2426 906 2480 postea
935 2438 963 2466 u
993 2423 1241 2478 scripserunt
1256 2423 1441 2465 Romani.
1504 2424 1569 2466 Ita

45 2499 225 2543 dubitari
253 2513 334 2544 non
362 2501 518 2556 potest,
560 2500 657 2554 quin
689 2501 977 2559 iot-undas,
1008 2511 1086 2541 non
1117 2499 1317 2540 iucundus
1347 2497 1567 2552 scripserit,

45 2574 192 2630 quippe
231 2588 333 2630 quae
373 2575 574 2630 scriptura
613 2574 795 2617 codicum
833 2573 1075 2616 auctoritate
1113 2573 1359 2627 optimorum
1399 2573 1566 2617 nitatur.

47 2649 103 2692 Ut
134 2651 316 2705 exempla
347 2651 527 2701 afferam,
560 2652 599 2702 9,
618 2651 662 2700 9;
699 2650 762 2701 14,
780 2650 824 2698 2;
857 2649 925 2700 46,
943 2650 987 2698 3;
1019 2649 1087 2699 50,
1112 2641 1179 2699 16;
1213 2649 1280 2700 04,
1303 2650 1378 2692 161
1399 2651 1439 2691 et
1461 2650 1566 2699 215;

47 2725 190 2776 66,Βὲ
230 2724 402 2767 formam
434 2726 633 2767 iocundus
674 2737 810 2767 omnes
850 2724 1109 2766 assei-varunt
1139 2723 1316 2775 codices,
1359 2725 1498 2776 62‚26
1528 2726 1569 2766 et
